PokerStars Hand #259898242359: Tournament #3979068754, $0.90+$0.10 USD Hold'em No Limit - Level I (10/20) - 2026/02/27 23:44:11 BRT [2026/02/27 21:44:11 ET]
Table '3979068754 1' 8-max Seat #2 is the button
Seat 2: villain1 (1500 in chips) 
Seat 3: villain2 (1500 in chips) 
Seat 4: villain3 (1500 in chips) 
Seat 5: villain4 (1500 in chips) 
Seat 6: villain5 (1500 in chips) 
Seat 7: GuiRodri2013 (1500 in chips) 
Seat 8: villain6 (1500 in chips) 
villain1: posts the ante 3
villain2: posts the ante 3
villain3: posts the ante 3
villain4: posts the ante 3
villain5: posts the ante 3
GuiRodri2013: posts the ante 3
villain6: posts the ante 3
villain2: posts small blind 10
villain3: posts big blind 20
*** HOLE CARDS ***
Dealt to GuiRodri2013 [Qh 4d]
villain4: folds 
villain5: folds 
GuiRodri2013: raises 20 to 40
villain6: calls 40
villain1: folds 
villain2: folds 
villain3: folds 
*** FLOP *** [Kc 6s Qc]
GuiRodri2013: bets 20
villain6: calls 20
*** TURN *** [Kc 6s Qc] [8h]
GuiRodri2013: bets 20
villain6: calls 20
*** RIVER *** [Kc 6s Qc 8h] [Js]
GuiRodri2013: bets 20
villain6: calls 20
*** SHOW DOWN ***
GuiRodri2013: shows [Qh 4d] (a pair of Queens)
villain6: mucks hand 
GuiRodri2013 collected 251 from pot
*** SUMMARY ***
Total pot 251 | Rake 0 
Board [Kc 6s Qc 8h Js]
Seat 2: villain1 (button) folded before Flop (didn't bet)
Seat 3: villain2 (small blind) folded before Flop
Seat 4: villain3 (big blind) folded before Flop
Seat 5: villain4 folded before Flop (didn't bet)
Seat 6: villain5 folded before Flop (didn't bet)
Seat 7: GuiRodri2013 showed [Qh 4d] and won (251) with a pair of Queens
Seat 8: villain6 mucked [5h 6h]



PokerStars Hand #259898246248: Tournament #3979068754, $0.90+$0.10 USD Hold'em No Limit - Level I (10/20) - 2026/02/27 23:44:41 BRT [2026/02/27 21:44:41 ET]
Table '3979068754 1' 8-max Seat #3 is the button
Seat 2: villain1 (1497 in chips) 
Seat 3: villain2 (1487 in chips) 
Seat 4: villain3 (1477 in chips) 
Seat 5: villain4 (1497 in chips) 
Seat 6: villain5 (1497 in chips) 
Seat 7: GuiRodri2013 (1648 in chips) 
Seat 8: villain6 (1397 in chips) 
villain1: posts the ante 3
villain2: posts the ante 3
villain3: posts the ante 3
villain4: posts the ante 3
villain5: posts the ante 3
GuiRodri2013: posts the ante 3
villain6: posts the ante 3
villain3: posts small blind 10
villain4: posts big blind 20
*** HOLE CARDS ***
Dealt to GuiRodri2013 [2s 5s]
villain5: folds 
GuiRodri2013: folds 
villain6: folds 
villain1: folds 
villain2: folds 
villain3: folds 
Uncalled bet (10) returned to villain4
villain4 collected 41 from pot
villain4: doesn't show hand 
*** SUMMARY ***
Total pot 41 | Rake 0 
Seat 2: villain1 folded before Flop (didn't bet)
Seat 3: villain2 (button) folded before Flop (didn't bet)
Seat 4: villain3 (small blind) folded before Flop
Seat 5: villain4 (big blind) collected (41)
Seat 6: villain5 folded before Flop (didn't bet)
Seat 7: GuiRodri2013 folded before Flop (didn't bet)
Seat 8: villain6 folded before Flop (didn't bet)



PokerStars Hand #259898248170: Tournament #3979068754, $0.90+$0.10 USD Hold'em No Limit - Level I (10/20) - 2026/02/27 23:44:55 BRT [2026/02/27 21:44:55 ET]
Table '3979068754 1' 8-max Seat #4 is the button
Seat 1: villain7 (1500 in chips) 
Seat 2: villain1 (1494 in chips) 
Seat 3: villain2 (1484 in chips) 
Seat 4: villain3 (1464 in chips) 
Seat 5: villain4 (1525 in chips) 
Seat 7: GuiRodri2013 (1645 in chips) 
Seat 8: villain6 (1394 in chips) 
villain7: posts the ante 3
villain1: posts the ante 3
villain2: posts the ante 3
villain3: posts the ante 3
villain4: posts the ante 3
GuiRodri2013: posts the ante 3
villain6: posts the ante 3
villain4: posts small blind 10
GuiRodri2013: posts big blind 20
*** HOLE CARDS ***
Dealt to GuiRodri2013 [8c Qh]
villain6: folds 
villain7: folds 
villain1: folds 
villain2: raises 40 to 60
villain3: folds 
villain4: folds 
GuiRodri2013: calls 40
*** FLOP *** [Th Qc 2h]
GuiRodri2013: bets 151
villain2: calls 151
*** TURN *** [Th Qc 2h] [6h]
GuiRodri2013: bets 200
villain2: calls 200
*** RIVER *** [Th Qc 2h 6h] [Ts]
GuiRodri2013: checks 
villain2: bets 427
GuiRodri2013: folds 
Uncalled bet (427) returned to villain2
villain2 collected 853 from pot
villain2: doesn't show hand 
*** SUMMARY ***
Total pot 853 | Rake 0 
Board [Th Qc 2h 6h Ts]
Seat 1: villain7 folded before Flop (didn't bet)
Seat 2: villain1 folded before Flop (didn't bet)
Seat 3: villain2 collected (853)
Seat 4: villain3 (button) folded before Flop (didn't bet)
Seat 5: villain4 (small blind) folded before Flop
Seat 7: GuiRodri2013 (big blind) folded on the River
Seat 8: villain6 folded before Flop (didn't bet)



PokerStars Hand #259898256374: Tournament #3979068754, $0.90+$0.10 USD Hold'em No Limit - Level I (10/20) - 2026/02/27 23:45:57 BRT [2026/02/27 21:45:57 ET]
Table '3979068754 1' 8-max Seat #5 is the button
Seat 1: villain7 (1497 in chips) 
Seat 2: villain1 (1491 in chips) 
Seat 3: villain2 (1923 in chips) 
Seat 4: villain3 (1461 in chips) 
Seat 5: villain4 (1512 in chips) 
Seat 7: GuiRodri2013 (1231 in chips) 
villain7: posts the ante 3
villain1: posts the ante 3
villain2: posts the ante 3
villain3: posts the ante 3
villain4: posts the ante 3
GuiRodri2013: posts the ante 3
GuiRodri2013: posts small blind 10
villain7: posts big blind 20
*** HOLE CARDS ***
Dealt to GuiRodri2013 [7c Jh]
villain1: raises 20 to 40
villain2: folds 
villain3: folds 
villain4: folds 
GuiRodri2013: calls 30
villain7: calls 20
*** FLOP *** [6d 9d Qh]
GuiRodri2013: checks 
villain7: checks 
villain1: bets 46
GuiRodri2013: folds 
villain7: calls 46
*** TURN *** [6d 9d Qh] [5c]
villain7: checks 
villain1: bets 152
villain7: calls 152
*** RIVER *** [6d 9d Qh 5c] [7s]
villain7: checks 
villain1: checks 
*** SHOW DOWN ***
villain7: shows [8s 7h] (a straight, Five to Nine)
villain1: mucks hand 
villain7 collected 534 from pot
*** SUMMARY ***
Total pot 534 | Rake 0 
Board [6d 9d Qh 5c 7s]
Seat 1: villain7 (big blind) showed [8s 7h] and won (534) with a straight, Five to Nine
Seat 2: villain1 mucked [Ac 9s]
Seat 3: villain2 folded before Flop (didn't bet)
Seat 4: villain3 folded before Flop (didn't bet)
Seat 5: villain4 (button) folded before Flop (didn't bet)
Seat 7: GuiRodri2013 (small blind) folded on the Flop



PokerStars Hand #259898263729: Tournament #3979068754, $0.90+$0.10 USD Hold'em No Limit - Level I (10/20) - 2026/02/27 23:46:55 BRT [2026/02/27 21:46:55 ET]
Table '3979068754 1' 8-max Seat #7 is the button
Seat 1: villain7 (1790 in chips) 
Seat 2: villain1 (1250 in chips) 
Seat 3: villain2 (1920 in chips) 
Seat 4: villain3 (1458 in chips) 
Seat 5: villain4 (1509 in chips) 
Seat 7: GuiRodri2013 (1188 in chips) 
villain7: posts the ante 3
villain1: posts the ante 3
villain2: posts the ante 3
villain3: posts the ante 3
villain4: posts the ante 3
GuiRodri2013: posts the ante 3
villain7: posts small blind 10
villain1: posts big blind 20
*** HOLE CARDS ***
Dealt to GuiRodri2013 [6d 3s]
villain2: folds 
villain3: raises 20 to 40
villain4: calls 40
GuiRodri2013: folds 
villain7: folds 
villain1: calls 20
*** FLOP *** [4h Ts Th]
villain1: checks 
villain3: bets 37
villain4: folds 
villain1: calls 37
*** TURN *** [4h Ts Th] [4d]
villain1: checks 
villain3: bets 73
villain1: calls 73
*** RIVER *** [4h Ts Th 4d] [Js]
villain1: checks 
villain3: bets 294
villain1: calls 294
*** SHOW DOWN ***
villain3: shows [Td Ad] (a full house, Tens full of Fours)
villain1: mucks hand 
villain3 collected 956 from pot
*** SUMMARY ***
Total pot 956 | Rake 0 
Board [4h Ts Th 4d Js]
Seat 1: villain7 (small blind) folded before Flop
Seat 2: villain1 (big blind) mucked [4c 6c]
Seat 3: villain2 folded before Flop (didn't bet)
Seat 4: villain3 showed [Td Ad] and won (956) with a full house, Tens full of Fours
Seat 5: villain4 folded on the Flop
Seat 7: GuiRodri2013 (button) folded before Flop (didn't bet)



PokerStars Hand #259898270763: Tournament #3979068754, $0.90+$0.10 USD Hold'em No Limit - Level I (10/20) - 2026/02/27 23:47:49 BRT [2026/02/27 21:47:49 ET]
Table '3979068754 1' 8-max Seat #1 is the button
Seat 1: villain7 (1777 in chips) 
Seat 2: villain1 (803 in chips) 
Seat 3: villain2 (1917 in chips) 
Seat 4: villain3 (1967 in chips) 
Seat 5: villain4 (1466 in chips) 
Seat 7: GuiRodri2013 (1185 in chips) 
villain7: posts the ante 3
villain1: posts the ante 3
villain2: posts the ante 3
villain3: posts the ante 3
villain4: posts the ante 3
GuiRodri2013: posts the ante 3
villain1: posts small blind 10
villain2: posts big blind 20
*** HOLE CARDS ***
Dealt to GuiRodri2013 [Ac 5h]
villain3: folds 
villain4: folds 
GuiRodri2013: raises 20 to 40
villain7: folds 
villain1: folds 
villain2: calls 20
*** FLOP *** [7d Ah 6c]
villain2: checks 
GuiRodri2013: bets 108
villain2: folds 
Uncalled bet (108) returned to GuiRodri2013
GuiRodri2013 collected 108 from pot
GuiRodri2013: doesn't show hand 
*** SUMMARY ***
Total pot 108 | Rake 0 
Board [7d Ah 6c]
Seat 1: villain7 (button) folded before Flop (didn't bet)
Seat 2: villain1 (small blind) folded before Flop
Seat 3: villain2 (big blind) folded on the Flop
Seat 4: villain3 folded before Flop (didn't bet)
Seat 5: villain4 folded before Flop (didn't bet)
Seat 7: GuiRodri2013 collected (108)



PokerStars Hand #259898274348: Tournament #3979068754, $0.90+$0.10 USD Hold'em No Limit - Level I (10/20) - 2026/02/27 23:48:17 BRT [2026/02/27 21:48:17 ET]
Table '3979068754 1' 8-max Seat #2 is the button
Seat 1: villain7 (1774 in chips) 
Seat 2: villain1 (790 in chips) 
Seat 3: villain2 (1874 in chips) 
Seat 4: villain3 (1964 in chips) 
Seat 5: villain4 (1463 in chips) 
Seat 7: GuiRodri2013 (1250 in chips) 
villain7: posts the ante 3
villain1: posts the ante 3
villain2: posts the ante 3
villain3: posts the ante 3
villain4: posts the ante 3
GuiRodri2013: posts the ante 3
villain2: posts small blind 10
villain3: posts big blind 20
*** HOLE CARDS ***
Dealt to GuiRodri2013 [Kh 2s]
villain4: folds 
GuiRodri2013: folds 
villain7: calls 20
villain1: folds 
villain2: folds 
villain3: checks 
*** FLOP *** [Js 4c 4d]
villain3: checks 
villain7: checks 
*** TURN *** [Js 4c 4d] [Qs]
villain3: checks 
villain7: checks 
*** RIVER *** [Js 4c 4d Qs] [7h]
villain3: checks 
villain7: checks 
*** SHOW DOWN ***
villain3: shows [3c 8c] (a pair of Fours)
villain7: shows [Ac 9d] (a pair of Fours - Ace kicker)
villain7 collected 68 from pot
*** SUMMARY ***
Total pot 68 | Rake 0 
Board [Js 4c 4d Qs 7h]
Seat 1: villain7 showed [Ac 9d] and won (68) with a pair of Fours
Seat 2: villain1 (button) folded before Flop (didn't bet)
Seat 3: villain2 (small blind) folded before Flop
Seat 4: villain3 (big blind) showed [3c 8c] and lost with a pair of Fours
Seat 5: villain4 folded before Flop (didn't bet)
Seat 7: GuiRodri2013 folded before Flop (didn't bet)



PokerStars Hand #259898277301: Tournament #3979068754, $0.90+$0.10 USD Hold'em No Limit - Level I (10/20) - 2026/02/27 23:48:40 BRT [2026/02/27 21:48:40 ET]
Table '3979068754 1' 8-max Seat #3 is the button
Seat 1: villain7 (1819 in chips) 
Seat 2: villain1 (787 in chips) 
Seat 3: villain2 (1861 in chips) 
Seat 4: villain3 (1941 in chips) 
Seat 5: villain4 (1460 in chips) 
Seat 7: GuiRodri2013 (1247 in chips) 
villain7: posts the ante 3
villain1: posts the ante 3
villain2: posts the ante 3
villain3: posts the ante 3
villain4: posts the ante 3
GuiRodri2013: posts the ante 3
villain3: posts small blind 10
villain4: posts big blind 20
*** HOLE CARDS ***
Dealt to GuiRodri2013 [Js Jh]
GuiRodri2013: raises 40 to 60
villain7: folds 
villain14 is disconnected 
villain1: raises 120 to 180
villain2: folds 
villain3: folds 
villain4: calls 160
GuiRodri2013: calls 120
*** FLOP *** [Ah Qd Qs]
villain4 has timed out
villain4: checks 
GuiRodri2013: checks 
villain1: bets 187
villain4: calls 187
GuiRodri2013: calls 187
*** TURN *** [Ah Qd Qs] [Ts]
villain4: checks 
GuiRodri2013: checks 
villain1: bets 280
villain4: calls 280
GuiRodri2013: folds 
*** RIVER *** [Ah Qd Qs Ts] [7c]
villain4: checks 
villain1: bets 137 and is all-in
villain4: folds 
Uncalled bet (137) returned to villain1
villain1 collected 1689 from pot
*** SUMMARY ***
Total pot 1689 | Rake 0 
Board [Ah Qd Qs Ts 7c]
Seat 1: villain7 folded before Flop (didn't bet)
Seat 2: villain1 collected (1689)
Seat 3: villain2 (button) folded before Flop (didn't bet)
Seat 4: villain3 (small blind) folded before Flop
Seat 5: villain4 (big blind) folded on the River
Seat 7: GuiRodri2013 folded on the Turn



PokerStars Hand #259898294175: Tournament #3979068754, $0.90+$0.10 USD Hold'em No Limit - Level II (15/30) - 2026/02/27 23:50:52 BRT [2026/02/27 21:50:52 ET]
Table '3979068754 4' 8-max Seat #1 is the button
Seat 1: GuiRodri2013 (877 in chips) 
Seat 2: villain8 (2961 in chips) 
Seat 3: villain6 (1359 in chips) 
Seat 8: villain11 (1500 in chips) 
GuiRodri2013: posts the ante 4
villain8: posts the ante 4
villain6: posts the ante 4
villain11: posts the ante 4
villain8: posts small blind 15
villain6: posts big blind 30
*** HOLE CARDS ***
Dealt to GuiRodri2013 [7d 8c]
villain11 is connected 
villain6 is disconnected 
villain11: folds 
GuiRodri2013: folds 
villain8: calls 15
villain6: checks 
*** FLOP *** [Jh Kd 5s]
villain8: checks 
villain6: checks 
*** TURN *** [Jh Kd 5s] [2h]
villain8: bets 57
villain9 is disconnected 
villain6: folds 
Uncalled bet (57) returned to villain8
villain8 collected 76 from pot
villain8: doesn't show hand 
villain10 is disconnected 
*** SUMMARY ***
Total pot 76 | Rake 0 
Board [Jh Kd 5s 2h]
Seat 1: GuiRodri2013 (button) folded before Flop (didn't bet)
Seat 2: villain8 (small blind) collected (76)
Seat 3: villain6 (big blind) folded on the Turn
Seat 8: villain11 folded before Flop (didn't bet)



PokerStars Hand #259898299568: Tournament #3979068754, $0.90+$0.10 USD Hold'em No Limit - Level II (15/30) - 2026/02/27 23:51:34 BRT [2026/02/27 21:51:34 ET]
Table '3979068754 4' 8-max Seat #2 is the button
Seat 1: GuiRodri2013 (873 in chips) 
Seat 2: villain8 (3003 in chips) 
Seat 3: villain6 (1325 in chips) 
Seat 4: villain9 (1554 in chips) 
Seat 5: villain10 (1524 in chips) 
Seat 8: villain11 (1496 in chips) 
GuiRodri2013: posts the ante 4
villain8: posts the ante 4
villain6: posts the ante 4
villain9: posts the ante 4
villain10: posts the ante 4
villain11: posts the ante 4
villain6: posts small blind 15
villain9: posts big blind 30
*** HOLE CARDS ***
Dealt to GuiRodri2013 [5c Ad]
villain10: folds 
villain11: folds 
GuiRodri2013: raises 30 to 60
villain8: folds 
villain6: folds 
villain9: calls 30
*** FLOP *** [8c Js 2c]
villain9: checks 
GuiRodri2013: checks 
*** TURN *** [8c Js 2c] [Kc]
villain9: bets 30
GuiRodri2013: folds 
Uncalled bet (30) returned to villain9
villain9 collected 159 from pot
villain9: doesn't show hand 
*** SUMMARY ***
Total pot 159 | Rake 0 
Board [8c Js 2c Kc]
Seat 1: GuiRodri2013 folded on the Turn
Seat 2: villain8 (button) folded before Flop (didn't bet)
Seat 3: villain6 (small blind) folded before Flop
Seat 4: villain9 (big blind) collected (159)
Seat 5: villain10 folded before Flop (didn't bet)
Seat 8: villain11 folded before Flop (didn't bet)



PokerStars Hand #259898304163: Tournament #3979068754, $0.90+$0.10 USD Hold'em No Limit - Level II (15/30) - 2026/02/27 23:52:10 BRT [2026/02/27 21:52:10 ET]
Table '3979068754 4' 8-max Seat #3 is the button
Seat 1: GuiRodri2013 (809 in chips) 
Seat 2: villain8 (2999 in chips) 
Seat 3: villain6 (1306 in chips) 
Seat 4: villain9 (1649 in chips) 
Seat 5: villain10 (1520 in chips) 
Seat 8: villain11 (1492 in chips) 
GuiRodri2013: posts the ante 4
villain8: posts the ante 4
villain6: posts the ante 4
villain9: posts the ante 4
villain10: posts the ante 4
villain11: posts the ante 4
villain9: posts small blind 15
villain10: posts big blind 30
*** HOLE CARDS ***
Dealt to GuiRodri2013 [Jd Ah]
villain11: folds 
GuiRodri2013: raises 60 to 90
villain8: folds 
villain6: folds 
villain9: folds 
villain10: folds 
Uncalled bet (60) returned to GuiRodri2013
GuiRodri2013 collected 99 from pot
GuiRodri2013: doesn't show hand 
*** SUMMARY ***
Total pot 99 | Rake 0 
Seat 1: GuiRodri2013 collected (99)
Seat 2: villain8 folded before Flop (didn't bet)
Seat 3: villain6 (button) folded before Flop (didn't bet)
Seat 4: villain9 (small blind) folded before Flop
Seat 5: villain10 (big blind) folded before Flop
Seat 8: villain11 folded before Flop (didn't bet)



PokerStars Hand #259898307233: Tournament #3979068754, $0.90+$0.10 USD Hold'em No Limit - Level II (15/30) - 2026/02/27 23:52:34 BRT [2026/02/27 21:52:34 ET]
Table '3979068754 4' 8-max Seat #4 is the button
Seat 1: GuiRodri2013 (874 in chips) 
Seat 2: villain8 (2995 in chips) 
Seat 3: villain6 (1302 in chips) 
Seat 4: villain9 (1630 in chips) 
Seat 5: villain10 (1486 in chips) 
Seat 8: villain11 (1488 in chips) 
GuiRodri2013: posts the ante 4
villain8: posts the ante 4
villain6: posts the ante 4
villain9: posts the ante 4
villain10: posts the ante 4
villain11: posts the ante 4
villain10: posts small blind 15
villain11: posts big blind 30
*** HOLE CARDS ***
Dealt to GuiRodri2013 [4c 7d]
GuiRodri2013: folds 
villain8: folds 
villain6: raises 30 to 60
villain9: folds 
villain10: calls 45
villain11: folds 
*** FLOP *** [Qs 4s Ks]
villain10: checks 
villain6: bets 57
villain10: raises 144 to 201
villain6: folds 
Uncalled bet (144) returned to villain10
villain10 collected 288 from pot
villain10: doesn't show hand 
*** SUMMARY ***
Total pot 288 | Rake 0 
Board [Qs 4s Ks]
Seat 1: GuiRodri2013 folded before Flop (didn't bet)
Seat 2: villain8 folded before Flop (didn't bet)
Seat 3: villain6 folded on the Flop
Seat 4: villain9 (button) folded before Flop (didn't bet)
Seat 5: villain10 (small blind) collected (288)
Seat 8: villain11 (big blind) folded before Flop



PokerStars Hand #259898311877: Tournament #3979068754, $0.90+$0.10 USD Hold'em No Limit - Level II (15/30) - 2026/02/27 23:53:12 BRT [2026/02/27 21:53:12 ET]
Table '3979068754 4' 8-max Seat #5 is the button
Seat 1: GuiRodri2013 (870 in chips) 
Seat 2: villain8 (2991 in chips) 
Seat 3: villain6 (1181 in chips) 
Seat 4: villain9 (1626 in chips) 
Seat 5: villain10 (1653 in chips) 
Seat 6: villain12 (1500 in chips) out of hand (moved from another table into small blind)
Seat 8: villain11 (1454 in chips) 
villain12 will be allowed to play after the button
GuiRodri2013: posts the ante 4
villain8: posts the ante 4
villain6: posts the ante 4
villain9: posts the ante 4
villain10: posts the ante 4
villain11: posts the ante 4
villain11: posts small blind 15
GuiRodri2013: posts big blind 30
*** HOLE CARDS ***
Dealt to GuiRodri2013 [Ad Th]
villain8: folds 
villain6: folds 
villain9: raises 30 to 60
villain10: folds 
villain11: calls 45
GuiRodri2013: calls 30
*** FLOP *** [8c 8h Ks]
villain11: checks 
GuiRodri2013: checks 
villain9: checks 
*** TURN *** [8c 8h Ks] [9h]
villain11: bets 102
GuiRodri2013: folds 
villain9: calls 102
*** RIVER *** [8c 8h Ks 9h] [Qh]
villain11: bets 204
villain9: calls 204
*** SHOW DOWN ***
villain11: shows [7d 8d] (three of a kind, Eights)
villain9: mucks hand 
villain11 collected 816 from pot
*** SUMMARY ***
Total pot 816 | Rake 0 
Board [8c 8h Ks 9h Qh]
Seat 1: GuiRodri2013 (big blind) folded on the Turn
Seat 2: villain8 folded before Flop (didn't bet)
Seat 3: villain6 folded before Flop (didn't bet)
Seat 4: villain9 mucked [Qd Td]
Seat 5: villain10 (button) folded before Flop (didn't bet)
Seat 8: villain11 (small blind) showed [7d 8d] and won (816) with three of a kind, Eights



PokerStars Hand #259898318591: Tournament #3979068754, $0.90+$0.10 USD Hold'em No Limit - Level II (15/30) - 2026/02/27 23:54:05 BRT [2026/02/27 21:54:05 ET]
Table '3979068754 4' 8-max Seat #8 is the button
Seat 1: GuiRodri2013 (806 in chips) 
Seat 2: villain8 (2987 in chips) 
Seat 3: villain6 (1177 in chips) 
Seat 4: villain9 (1256 in chips) 
Seat 5: villain10 (1649 in chips) 
Seat 6: villain12 (1500 in chips) 
Seat 8: villain11 (1900 in chips) 
GuiRodri2013: posts the ante 4
villain8: posts the ante 4
villain6: posts the ante 4
villain9: posts the ante 4
villain10: posts the ante 4
villain12: posts the ante 4
villain11: posts the ante 4
GuiRodri2013: posts small blind 15
villain8: posts big blind 30
*** HOLE CARDS ***
Dealt to GuiRodri2013 [8c 7c]
villain6: folds 
villain9: folds 
villain10: raises 30 to 60
villain12: folds 
villain11: calls 60
GuiRodri2013: calls 45
villain8: calls 30
*** FLOP *** [Js 2s Qd]
GuiRodri2013: checks 
villain8: checks 
villain10: checks 
villain11: bets 134
GuiRodri2013: folds 
villain8: folds 
villain10: folds 
Uncalled bet (134) returned to villain11
villain11 collected 268 from pot
villain11: doesn't show hand 
*** SUMMARY ***
Total pot 268 | Rake 0 
Board [Js 2s Qd]
Seat 1: GuiRodri2013 (small blind) folded on the Flop
Seat 2: villain8 (big blind) folded on the Flop
Seat 3: villain6 folded before Flop (didn't bet)
Seat 4: villain9 folded before Flop (didn't bet)
Seat 5: villain10 folded on the Flop
Seat 6: villain12 folded before Flop (didn't bet)
Seat 8: villain11 (button) collected (268)



PokerStars Hand #259898325654: Tournament #3979068754, $0.90+$0.10 USD Hold'em No Limit - Level III (25/50) - 2026/02/27 23:55:01 BRT [2026/02/27 21:55:01 ET]
Table '3979068754 4' 8-max Seat #1 is the button
Seat 1: GuiRodri2013 (742 in chips) 
Seat 2: villain8 (2923 in chips) 
Seat 3: villain6 (1173 in chips) 
Seat 4: villain9 (1252 in chips) 
Seat 5: villain10 (1585 in chips) 
Seat 6: villain12 (1496 in chips) 
Seat 8: villain11 (2104 in chips) 
GuiRodri2013: posts the ante 6
villain8: posts the ante 6
villain6: posts the ante 6
villain9: posts the ante 6
villain10: posts the ante 6
villain12: posts the ante 6
villain11: posts the ante 6
villain8: posts small blind 25
villain6: posts big blind 50
*** HOLE CARDS ***
Dealt to GuiRodri2013 [7h 3c]
villain9: folds 
villain10: folds 
villain12: folds 
villain11: folds 
GuiRodri2013: folds 
villain8: calls 25
villain6: checks 
*** FLOP *** [5d 3d 7s]
villain8: bets 50
villain6: calls 50
*** TURN *** [5d 3d 7s] [Ks]
villain8: bets 121
villain6: calls 121
*** RIVER *** [5d 3d 7s Ks] [2c]
villain8: checks 
villain6: bets 250
villain8: folds 
Uncalled bet (250) returned to villain6
villain6 collected 484 from pot
villain6: doesn't show hand 
*** SUMMARY ***
Total pot 484 | Rake 0 
Board [5d 3d 7s Ks 2c]
Seat 1: GuiRodri2013 (button) folded before Flop (didn't bet)
Seat 2: villain8 (small blind) folded on the River
Seat 3: villain6 (big blind) collected (484)
Seat 4: villain9 folded before Flop (didn't bet)
Seat 5: villain10 folded before Flop (didn't bet)
Seat 6: villain12 folded before Flop (didn't bet)
Seat 8: villain11 folded before Flop (didn't bet)



PokerStars Hand #259898860501: Tournament #3979068754, $0.90+$0.10 USD Hold'em No Limit - Level III (25/50) - 2026/02/28 0:00:45 BRT [2026/02/27 22:00:45 ET]
Table '3979068754 4' 8-max Seat #2 is the button
Seat 1: GuiRodri2013 (736 in chips) 
Seat 2: villain8 (2696 in chips) 
Seat 3: villain6 (1430 in chips) 
Seat 4: villain9 (1246 in chips) 
Seat 5: villain10 (1579 in chips) 
Seat 6: villain12 (1490 in chips) 
Seat 8: villain11 (2098 in chips) 
GuiRodri2013: posts the ante 6
villain8: posts the ante 6
villain6: posts the ante 6
villain9: posts the ante 6
villain10: posts the ante 6
villain12: posts the ante 6
villain11: posts the ante 6
villain6: posts small blind 25
villain9: posts big blind 50
*** HOLE CARDS ***
Dealt to GuiRodri2013 [4c As]
villain10: calls 50
villain12: folds 
villain11: calls 50
GuiRodri2013: calls 50
villain8: folds 
villain6: calls 25
villain9: checks 
*** FLOP *** [4d 8h 2h]
villain6: checks 
villain9: bets 50
villain10: folds 
villain11: calls 50
GuiRodri2013: calls 50
villain6: calls 50
*** TURN *** [4d 8h 2h] [Ad]
villain6: checks 
villain9: checks 
villain11: checks 
GuiRodri2013: bets 100
villain6: calls 100
villain9: folds 
villain11: calls 100
*** RIVER *** [4d 8h 2h Ad] [7c]
villain6: checks 
villain11: checks 
GuiRodri2013: bets 250
villain6: folds 
villain11: calls 250
*** SHOW DOWN ***
GuiRodri2013: shows [4c As] (two pair, Aces and Fours)
villain11: mucks hand 
GuiRodri2013 collected 1292 from pot
*** SUMMARY ***
Total pot 1292 | Rake 0 
Board [4d 8h 2h Ad 7c]
Seat 1: GuiRodri2013 showed [4c As] and won (1292) with two pair, Aces and Fours
Seat 2: villain8 (button) folded before Flop (didn't bet)
Seat 3: villain6 (small blind) folded on the River
Seat 4: villain9 (big blind) folded on the Turn
Seat 5: villain10 folded on the Flop
Seat 6: villain12 folded before Flop (didn't bet)
Seat 8: villain11 mucked [Ah 9h]



PokerStars Hand #259898870873: Tournament #3979068754, $0.90+$0.10 USD Hold'em No Limit - Level III (25/50) - 2026/02/28 0:02:10 BRT [2026/02/27 22:02:10 ET]
Table '3979068754 4' 8-max Seat #3 is the button
Seat 1: GuiRodri2013 (1572 in chips) 
Seat 2: villain8 (2690 in chips) 
Seat 3: villain6 (1224 in chips) 
Seat 4: villain9 (1140 in chips) 
Seat 5: villain10 (1523 in chips) 
Seat 6: villain12 (1484 in chips) 
Seat 8: villain11 (1642 in chips) 
GuiRodri2013: posts the ante 6
villain8: posts the ante 6
villain6: posts the ante 6
villain9: posts the ante 6
villain10: posts the ante 6
villain12: posts the ante 6
villain11: posts the ante 6
villain9: posts small blind 25
villain10: posts big blind 50
*** HOLE CARDS ***
Dealt to GuiRodri2013 [Tc 9h]
villain12: calls 50
villain11: raises 50 to 100
GuiRodri2013: folds 
villain8: folds 
villain6: folds 
villain9: calls 75
villain10: folds 
villain12: calls 50
*** FLOP *** [9c 4h 8s]
villain9: checks 
villain12: checks 
villain11: checks 
*** TURN *** [9c 4h 8s] [7s]
villain9: bets 196
villain12: folds 
villain11: folds 
Uncalled bet (196) returned to villain9
villain9 collected 392 from pot
villain9: doesn't show hand 
*** SUMMARY ***
Total pot 392 | Rake 0 
Board [9c 4h 8s 7s]
Seat 1: GuiRodri2013 folded before Flop (didn't bet)
Seat 2: villain8 folded before Flop (didn't bet)
Seat 3: villain6 (button) folded before Flop (didn't bet)
Seat 4: villain9 (small blind) collected (392)
Seat 5: villain10 (big blind) folded before Flop
Seat 6: villain12 folded on the Turn
Seat 8: villain11 folded on the Turn



PokerStars Hand #259898879099: Tournament #3979068754, $0.90+$0.10 USD Hold'em No Limit - Level III (25/50) - 2026/02/28 0:03:17 BRT [2026/02/27 22:03:17 ET]
Table '3979068754 4' 8-max Seat #4 is the button
Seat 1: GuiRodri2013 (1566 in chips) 
Seat 2: villain8 (2684 in chips) 
Seat 3: villain6 (1218 in chips) 
Seat 4: villain9 (1426 in chips) 
Seat 5: villain10 (1467 in chips) 
Seat 6: villain12 (1378 in chips) 
Seat 8: villain11 (1536 in chips) 
GuiRodri2013: posts the ante 6
villain8: posts the ante 6
villain6: posts the ante 6
villain9: posts the ante 6
villain10: posts the ante 6
villain12: posts the ante 6
villain11: posts the ante 6
villain10: posts small blind 25
villain12: posts big blind 50
*** HOLE CARDS ***
Dealt to GuiRodri2013 [7d 6d]
villain11: folds 
GuiRodri2013: folds 
villain8: folds 
villain6: raises 50 to 100
villain9: folds 
villain10: calls 75
villain12: raises 342 to 442
villain6: calls 342
villain10: calls 342
*** FLOP *** [Js 6h Qh]
villain10: checks 
villain12: bets 484
villain6: folds 
villain10: folds 
Uncalled bet (484) returned to villain12
villain12 collected 1368 from pot
*** SUMMARY ***
Total pot 1368 | Rake 0 
Board [Js 6h Qh]
Seat 1: GuiRodri2013 folded before Flop (didn't bet)
Seat 2: villain8 folded before Flop (didn't bet)
Seat 3: villain6 folded on the Flop
Seat 4: villain9 (button) folded before Flop (didn't bet)
Seat 5: villain10 (small blind) folded on the Flop
Seat 6: villain12 (big blind) collected (1368)
Seat 8: villain11 folded before Flop (didn't bet)



PokerStars Hand #259898884189: Tournament #3979068754, $0.90+$0.10 USD Hold'em No Limit - Level III (25/50) - 2026/02/28 0:03:58 BRT [2026/02/27 22:03:58 ET]
Table '3979068754 4' 8-max Seat #5 is the button
Seat 1: GuiRodri2013 (1560 in chips) 
Seat 2: villain8 (2678 in chips) 
Seat 3: villain6 (770 in chips) 
Seat 4: villain9 (1420 in chips) 
Seat 5: villain10 (1019 in chips) 
Seat 6: villain12 (2298 in chips) 
Seat 8: villain11 (1530 in chips) 
GuiRodri2013: posts the ante 6
villain8: posts the ante 6
villain6: posts the ante 6
villain9: posts the ante 6
villain10: posts the ante 6
villain12: posts the ante 6
villain11: posts the ante 6
villain12: posts small blind 25
villain11: posts big blind 50
*** HOLE CARDS ***
Dealt to GuiRodri2013 [Td 4h]
GuiRodri2013: folds 
villain8: folds 
villain6: folds 
villain9: folds 
villain10: folds 
villain12: calls 25
villain11: checks 
*** FLOP *** [2d Ad 9h]
villain12: checks 
villain11: bets 50
villain12: folds 
Uncalled bet (50) returned to villain11
villain11 collected 142 from pot
villain11: doesn't show hand 
*** SUMMARY ***
Total pot 142 | Rake 0 
Board [2d Ad 9h]
Seat 1: GuiRodri2013 folded before Flop (didn't bet)
Seat 2: villain8 folded before Flop (didn't bet)
Seat 3: villain6 folded before Flop (didn't bet)
Seat 4: villain9 folded before Flop (didn't bet)
Seat 5: villain10 (button) folded before Flop (didn't bet)
Seat 6: villain12 (small blind) folded on the Flop
Seat 8: villain11 (big blind) collected (142)



PokerStars Hand #259898889378: Tournament #3979068754, $0.90+$0.10 USD Hold'em No Limit - Level III (25/50) - 2026/02/28 0:04:40 BRT [2026/02/27 22:04:40 ET]
Table '3979068754 4' 8-max Seat #6 is the button
Seat 1: GuiRodri2013 (1554 in chips) 
Seat 2: villain8 (2672 in chips) 
Seat 3: villain6 (764 in chips) 
Seat 4: villain9 (1414 in chips) 
Seat 5: villain10 (1013 in chips) 
Seat 6: villain12 (2242 in chips) 
Seat 8: villain11 (1616 in chips) 
GuiRodri2013: posts the ante 6
villain8: posts the ante 6
villain6: posts the ante 6
villain9: posts the ante 6
villain10: posts the ante 6
villain12: posts the ante 6
villain11: posts the ante 6
villain11: posts small blind 25
GuiRodri2013: posts big blind 50
*** HOLE CARDS ***
Dealt to GuiRodri2013 [4d Jc]
villain8: raises 50 to 100
villain6: calls 100
villain9: folds 
villain10: folds 
villain12: folds 
villain11: folds 
GuiRodri2013: calls 50
*** FLOP *** [5s 6s 7s]
GuiRodri2013: checks 
villain8: checks 
villain6: bets 100
GuiRodri2013: folds 
villain8: calls 100
*** TURN *** [5s 6s 7s] [Ah]
villain8: checks 
villain6: bets 300
villain8: raises 2166 to 2466 and is all-in
villain6: calls 258 and is all-in
Uncalled bet (1908) returned to villain8
*** RIVER *** [5s 6s 7s Ah] [Qd]
*** SHOW DOWN ***
villain8: shows [As Js] (a flush, Ace high)
villain6: shows [Ts Ks] (a flush, King high)
villain8 collected 1683 from pot
villain6 finished the tournament in 25th place
*** SUMMARY ***
Total pot 1683 | Rake 0 
Board [5s 6s 7s Ah Qd]
Seat 1: GuiRodri2013 (big blind) folded on the Flop
Seat 2: villain8 showed [As Js] and won (1683) with a flush, Ace high
Seat 3: villain6 showed [Ts Ks] and lost with a flush, King high
Seat 4: villain9 folded before Flop (didn't bet)
Seat 5: villain10 folded before Flop (didn't bet)
Seat 6: villain12 (button) folded before Flop (didn't bet)
Seat 8: villain11 (small blind) folded before Flop



PokerStars Hand #259898905948: Tournament #3979068754, $0.90+$0.10 USD Hold'em No Limit - Level IV (40/80) - 2026/02/28 0:06:54 BRT [2026/02/27 22:06:54 ET]
Table '3979068754 1' 8-max Seat #1 is the button
Seat 1: villain7 (1693 in chips) 
Seat 2: villain1 (2134 in chips) 
Seat 3: villain10 (997 in chips) 
Seat 4: villain3 (1903 in chips) 
Seat 5: villain4 (1270 in chips) 
Seat 6: villain14 (2222 in chips) 
Seat 7: villain15 (1702 in chips) 
Seat 8: GuiRodri2013 (1448 in chips) 
villain7: posts the ante 10
villain1: posts the ante 10
villain10: posts the ante 10
villain3: posts the ante 10
villain4: posts the ante 10
villain14: posts the ante 10
villain15: posts the ante 10
GuiRodri2013: posts the ante 10
villain1: posts small blind 40
villain10: posts big blind 80
*** HOLE CARDS ***
Dealt to GuiRodri2013 [Kc 9s]
villain3: folds 
villain4: calls 80
villain14: calls 80
villain15: folds 
GuiRodri2013: raises 80 to 160
villain7: calls 160
villain1: calls 120
villain10: folds 
villain4: calls 80
villain14: calls 80
*** FLOP *** [7d Jh Qc]
villain1: checks 
villain4: checks 
villain14: bets 960
GuiRodri2013: folds 
villain7: folds 
villain1: folds 
villain4: folds 
Uncalled bet (960) returned to villain14
villain14 collected 960 from pot
villain14: doesn't show hand 
*** SUMMARY ***
Total pot 960 | Rake 0 
Board [7d Jh Qc]
Seat 1: villain7 (button) folded on the Flop
Seat 2: villain1 (small blind) folded on the Flop
Seat 3: villain10 (big blind) folded before Flop
Seat 4: villain3 folded before Flop (didn't bet)
Seat 5: villain4 folded on the Flop
Seat 6: villain14 collected (960)
Seat 7: villain15 folded before Flop (didn't bet)
Seat 8: GuiRodri2013 folded on the Flop



PokerStars Hand #259898914914: Tournament #3979068754, $0.90+$0.10 USD Hold'em No Limit - Level IV (40/80) - 2026/02/28 0:08:09 BRT [2026/02/27 22:08:09 ET]
Table '3979068754 1' 8-max Seat #2 is the button
Seat 1: villain7 (1523 in chips) 
Seat 2: villain1 (1964 in chips) 
Seat 3: villain10 (907 in chips) 
Seat 4: villain3 (1893 in chips) 
Seat 5: villain4 (1100 in chips) 
Seat 6: villain14 (3012 in chips) 
Seat 7: villain15 (1692 in chips) 
Seat 8: GuiRodri2013 (1278 in chips) 
villain7: posts the ante 10
villain1: posts the ante 10
villain10: posts the ante 10
villain3: posts the ante 10
villain4: posts the ante 10
villain14: posts the ante 10
villain15: posts the ante 10
GuiRodri2013: posts the ante 10
villain10: posts small blind 40
villain3: posts big blind 80
*** HOLE CARDS ***
Dealt to GuiRodri2013 [3h Ts]
villain4: calls 80
villain14: folds 
villain15: folds 
GuiRodri2013: folds 
villain7: folds 
villain1: folds 
villain10: folds 
villain3: checks 
*** FLOP *** [Qh 4h Ah]
villain3: checks 
villain4: checks 
*** TURN *** [Qh 4h Ah] [Qc]
villain3: checks 
villain4: bets 560
villain3: folds 
Uncalled bet (560) returned to villain4
villain4 collected 280 from pot
*** SUMMARY ***
Total pot 280 | Rake 0 
Board [Qh 4h Ah Qc]
Seat 1: villain7 folded before Flop (didn't bet)
Seat 2: villain1 (button) folded before Flop (didn't bet)
Seat 3: villain10 (small blind) folded before Flop
Seat 4: villain3 (big blind) folded on the Turn
Seat 5: villain4 collected (280)
Seat 6: villain14 folded before Flop (didn't bet)
Seat 7: villain15 folded before Flop (didn't bet)
Seat 8: GuiRodri2013 folded before Flop (didn't bet)



PokerStars Hand #259898921251: Tournament #3979068754, $0.90+$0.10 USD Hold'em No Limit - Level IV (40/80) - 2026/02/28 0:09:02 BRT [2026/02/27 22:09:02 ET]
Table '3979068754 1' 8-max Seat #3 is the button
Seat 1: villain7 (1513 in chips) 
Seat 2: villain1 (1954 in chips) 
Seat 3: villain10 (857 in chips) 
Seat 4: villain3 (1803 in chips) 
Seat 5: villain4 (1290 in chips) 
Seat 6: villain14 (3002 in chips) 
Seat 7: villain15 (1682 in chips) 
Seat 8: GuiRodri2013 (1268 in chips) 
villain7: posts the ante 10
villain1: posts the ante 10
villain10: posts the ante 10
villain3: posts the ante 10
villain4: posts the ante 10
villain14: posts the ante 10
villain15: posts the ante 10
GuiRodri2013: posts the ante 10
villain3: posts small blind 40
villain4: posts big blind 80
*** HOLE CARDS ***
Dealt to GuiRodri2013 [5c 4c]
villain14: folds 
villain15: raises 80 to 160
GuiRodri2013: folds 
villain7: calls 160
villain1: folds 
villain10: raises 687 to 847 and is all-in
villain3: folds 
villain4: folds 
villain15: raises 825 to 1672 and is all-in
villain7: calls 1343 and is all-in
Uncalled bet (169) returned to villain15
*** FLOP *** [Ks 3c Th]
*** TURN *** [Ks 3c Th] [Jd]
*** RIVER *** [Ks 3c Th Jd] [Td]
*** SHOW DOWN ***
villain15: shows [Qh Ad] (a straight, Ten to Ace)
villain7: shows [9d Tc] (three of a kind, Tens)
villain15 collected 1312 from side pot
villain10: shows [6d 6s] (two pair, Tens and Sixes)
villain15 collected 2741 from main pot
villain7 finished the tournament in 22nd place
villain10 finished the tournament in 23rd place
*** SUMMARY ***
Total pot 4053 Main pot 2741. Side pot 1312. | Rake 0 
Board [Ks 3c Th Jd Td]
Seat 1: villain7 showed [9d Tc] and lost with three of a kind, Tens
Seat 2: villain1 folded before Flop (didn't bet)
Seat 3: villain10 (button) showed [6d 6s] and lost with two pair, Tens and Sixes
Seat 4: villain3 (small blind) folded before Flop
Seat 5: villain4 (big blind) folded before Flop
Seat 6: villain14 folded before Flop (didn't bet)
Seat 7: villain15 showed [Qh Ad] and won (4053) with a straight, Ten to Ace
Seat 8: GuiRodri2013 folded before Flop (didn't bet)



PokerStars Hand #259898929223: Tournament #3979068754, $0.90+$0.10 USD Hold'em No Limit - Level V (60/120) - 2026/02/28 0:10:10 BRT [2026/02/27 22:10:10 ET]
Table '3979068754 1' 8-max Seat #4 is the button
Seat 2: villain1 (1944 in chips) 
Seat 4: villain3 (1753 in chips) 
Seat 5: villain4 (1200 in chips) 
Seat 6: villain14 (2992 in chips) 
Seat 7: villain15 (4222 in chips) 
Seat 8: GuiRodri2013 (1258 in chips) 
villain1: posts the ante 15
villain3: posts the ante 15
villain4: posts the ante 15
villain14: posts the ante 15
villain15: posts the ante 15
GuiRodri2013: posts the ante 15
villain4: posts small blind 60
villain14: posts big blind 120
*** HOLE CARDS ***
Dealt to GuiRodri2013 [6s 3c]
villain15: folds 
GuiRodri2013: folds 
villain1: raises 120 to 240
villain3: folds 
villain13 is disconnected 
villain4: calls 180
villain14: calls 120
*** FLOP *** [5s 5d 8d]
villain4: checks 
villain14: checks 
villain1: bets 267
villain4: folds 
villain14: folds 
Uncalled bet (267) returned to villain1
villain1 collected 810 from pot
villain1: doesn't show hand 
*** SUMMARY ***
Total pot 810 | Rake 0 
Board [5s 5d 8d]
Seat 2: villain1 collected (810)
Seat 4: villain3 (button) folded before Flop (didn't bet)
Seat 5: villain4 (small blind) folded on the Flop
Seat 6: villain14 (big blind) folded on the Flop
Seat 7: villain15 folded before Flop (didn't bet)
Seat 8: GuiRodri2013 folded before Flop (didn't bet)



PokerStars Hand #259898934880: Tournament #3979068754, $0.90+$0.10 USD Hold'em No Limit - Level V (60/120) - 2026/02/28 0:10:58 BRT [2026/02/27 22:10:58 ET]
Table '3979068754 1' 8-max Seat #5 is the button
Seat 1: villain13 (2704 in chips) 
Seat 2: villain1 (2499 in chips) 
Seat 5: villain4 (945 in chips) 
Seat 6: villain14 (2737 in chips) 
Seat 7: villain15 (4207 in chips) 
Seat 8: GuiRodri2013 (1243 in chips) 
villain13: posts the ante 15
villain1: posts the ante 15
villain4: posts the ante 15
villain14: posts the ante 15
villain15: posts the ante 15
GuiRodri2013: posts the ante 15
villain14: posts small blind 60
villain15: posts big blind 120
*** HOLE CARDS ***
Dealt to GuiRodri2013 [2d 9c]
GuiRodri2013: folds 
villain13: raises 132 to 252
villain1: raises 528 to 780
villain4: folds 
villain14: folds 
villain15: folds 
villain13: calls 528
*** FLOP *** [5d 8s Ah]
villain13: checks 
villain1: bets 604
villain13: folds 
Uncalled bet (604) returned to villain1
villain1 collected 1830 from pot
villain1: doesn't show hand 
*** SUMMARY ***
Total pot 1830 | Rake 0 
Board [5d 8s Ah]
Seat 1: villain13 folded on the Flop
Seat 2: villain1 collected (1830)
Seat 5: villain4 (button) folded before Flop (didn't bet)
Seat 6: villain14 (small blind) folded before Flop
Seat 7: villain15 (big blind) folded before Flop
Seat 8: GuiRodri2013 folded before Flop (didn't bet)



PokerStars Hand #259898939801: Tournament #3979068754, $0.90+$0.10 USD Hold'em No Limit - Level V (60/120) - 2026/02/28 0:11:39 BRT [2026/02/27 22:11:39 ET]
Table '3979068754 1' 8-max Seat #6 is the button
Seat 1: villain13 (1909 in chips) 
Seat 2: villain1 (3534 in chips) 
Seat 5: villain4 (930 in chips) 
Seat 6: villain14 (2662 in chips) 
Seat 7: villain15 (4072 in chips) 
Seat 8: GuiRodri2013 (1228 in chips) 
villain13: posts the ante 15
villain1: posts the ante 15
villain4: posts the ante 15
villain14: posts the ante 15
villain15: posts the ante 15
GuiRodri2013: posts the ante 15
villain15: posts small blind 60
GuiRodri2013: posts big blind 120
*** HOLE CARDS ***
Dealt to GuiRodri2013 [Qc 9h]
villain13: folds 
villain1: folds 
villain4: folds 
villain14: raises 120 to 240
villain15: folds 
GuiRodri2013: calls 120
*** FLOP *** [9c 8c 6c]
GuiRodri2013: bets 240
villain14: calls 240
*** TURN *** [9c 8c 6c] [5h]
GuiRodri2013: checks 
villain14: bets 360
GuiRodri2013: calls 360
*** RIVER *** [9c 8c 6c 5h] [3h]
GuiRodri2013: checks 
villain14: checks 
*** SHOW DOWN ***
GuiRodri2013: shows [Qc 9h] (a pair of Nines)
villain14: mucks hand 
GuiRodri2013 collected 1830 from pot
*** SUMMARY ***
Total pot 1830 | Rake 0 
Board [9c 8c 6c 5h 3h]
Seat 1: villain13 folded before Flop (didn't bet)
Seat 2: villain1 folded before Flop (didn't bet)
Seat 5: villain4 folded before Flop (didn't bet)
Seat 6: villain14 (button) mucked [Tc As]
Seat 7: villain15 (small blind) folded before Flop
Seat 8: GuiRodri2013 (big blind) showed [Qc 9h] and won (1830) with a pair of Nines



PokerStars Hand #259898945543: Tournament #3979068754, $0.90+$0.10 USD Hold'em No Limit - Level V (60/120) - 2026/02/28 0:12:26 BRT [2026/02/27 22:12:26 ET]
Table '3979068754 1' 8-max Seat #7 is the button
Seat 1: villain13 (1894 in chips) 
Seat 2: villain1 (3519 in chips) 
Seat 5: villain4 (915 in chips) 
Seat 6: villain14 (1807 in chips) 
Seat 7: villain15 (3997 in chips) 
Seat 8: GuiRodri2013 (2203 in chips) 
villain13: posts the ante 15
villain1: posts the ante 15
villain4: posts the ante 15
villain14: posts the ante 15
villain15: posts the ante 15
GuiRodri2013: posts the ante 15
GuiRodri2013: posts small blind 60
villain13: posts big blind 120
*** HOLE CARDS ***
Dealt to GuiRodri2013 [7c Kc]
villain1: raises 120 to 240
villain4: folds 
villain14: folds 
villain15: folds 
GuiRodri2013: calls 180
villain13: folds 
*** FLOP *** [9d 4c 7d]
GuiRodri2013: checks 
villain1: bets 228
GuiRodri2013: folds 
Uncalled bet (228) returned to villain1
villain1 collected 690 from pot
villain1: doesn't show hand 
*** SUMMARY ***
Total pot 690 | Rake 0 
Board [9d 4c 7d]
Seat 1: villain13 (big blind) folded before Flop
Seat 2: villain1 collected (690)
Seat 5: villain4 folded before Flop (didn't bet)
Seat 6: villain14 folded before Flop (didn't bet)
Seat 7: villain15 (button) folded before Flop (didn't bet)
Seat 8: GuiRodri2013 (small blind) folded on the Flop



PokerStars Hand #259898950121: Tournament #3979068754, $0.90+$0.10 USD Hold'em No Limit - Level V (60/120) - 2026/02/28 0:13:04 BRT [2026/02/27 22:13:04 ET]
Table '3979068754 1' 8-max Seat #8 is the button
Seat 1: villain13 (1759 in chips) 
Seat 2: villain1 (3954 in chips) 
Seat 5: villain4 (900 in chips) 
Seat 6: villain14 (1792 in chips) 
Seat 7: villain15 (3982 in chips) 
Seat 8: GuiRodri2013 (1948 in chips) 
villain13: posts the ante 15
villain1: posts the ante 15
villain4: posts the ante 15
villain14: posts the ante 15
villain15: posts the ante 15
GuiRodri2013: posts the ante 15
villain13: posts small blind 60
villain1: posts big blind 120
*** HOLE CARDS ***
Dealt to GuiRodri2013 [Jc Ad]
villain4: folds 
villain14: folds 
villain15: folds 
GuiRodri2013: raises 120 to 240
villain13: folds 
villain1: calls 120
*** FLOP *** [4s 3h Qc]
villain1: checks 
GuiRodri2013: checks 
*** TURN *** [4s 3h Qc] [2c]
villain1: bets 416
GuiRodri2013: calls 416
*** RIVER *** [4s 3h Qc 2c] [3s]
villain1: bets 965
GuiRodri2013: folds 
Uncalled bet (965) returned to villain1
villain1 collected 1462 from pot
villain1: doesn't show hand 
*** SUMMARY ***
Total pot 1462 | Rake 0 
Board [4s 3h Qc 2c 3s]
Seat 1: villain13 (small blind) folded before Flop
Seat 2: villain1 (big blind) collected (1462)
Seat 5: villain4 folded before Flop (didn't bet)
Seat 6: villain14 folded before Flop (didn't bet)
Seat 7: villain15 folded before Flop (didn't bet)
Seat 8: GuiRodri2013 (button) folded on the River



PokerStars Hand #259898954530: Tournament #3979068754, $0.90+$0.10 USD Hold'em No Limit - Level V (60/120) - 2026/02/28 0:13:40 BRT [2026/02/27 22:13:40 ET]
Table '3979068754 1' 8-max Seat #1 is the button
Seat 1: villain13 (1684 in chips) 
Seat 2: villain1 (4745 in chips) 
Seat 5: villain4 (885 in chips) 
Seat 6: villain14 (1777 in chips) 
Seat 7: villain15 (3967 in chips) 
Seat 8: GuiRodri2013 (1277 in chips) 
villain13: posts the ante 15
villain1: posts the ante 15
villain4: posts the ante 15
villain14: posts the ante 15
villain15: posts the ante 15
GuiRodri2013: posts the ante 15
villain1: posts small blind 60
villain4: posts big blind 120
*** HOLE CARDS ***
Dealt to GuiRodri2013 [6c Jh]
villain14: calls 120
villain15: folds 
GuiRodri2013: folds 
villain13: folds 
villain1: folds 
villain4: checks 
*** FLOP *** [2d 2h 5s]
villain4: checks 
villain14: bets 390
villain4: folds 
Uncalled bet (390) returned to villain14
villain14 collected 390 from pot
villain14: doesn't show hand 
*** SUMMARY ***
Total pot 390 | Rake 0 
Board [2d 2h 5s]
Seat 1: villain13 (button) folded before Flop (didn't bet)
Seat 2: villain1 (small blind) folded before Flop
Seat 5: villain4 (big blind) folded on the Flop
Seat 6: villain14 collected (390)
Seat 7: villain15 folded before Flop (didn't bet)
Seat 8: GuiRodri2013 folded before Flop (didn't bet)



PokerStars Hand #259898958256: Tournament #3979068754, $0.90+$0.10 USD Hold'em No Limit - Level V (60/120) - 2026/02/28 0:14:11 BRT [2026/02/27 22:14:11 ET]
Table '3979068754 1' 8-max Seat #2 is the button
Seat 1: villain13 (1669 in chips) 
Seat 2: villain1 (4670 in chips) 
Seat 5: villain4 (750 in chips) 
Seat 6: villain14 (2032 in chips) 
Seat 7: villain15 (3952 in chips) 
Seat 8: GuiRodri2013 (1262 in chips) 
villain13: posts the ante 15
villain1: posts the ante 15
villain4: posts the ante 15
villain14: posts the ante 15
villain15: posts the ante 15
GuiRodri2013: posts the ante 15
villain4: posts small blind 60
villain14: posts big blind 120
*** HOLE CARDS ***
Dealt to GuiRodri2013 [7h Qc]
villain15: folds 
GuiRodri2013: folds 
villain13: folds 
villain1: folds 
villain4: raises 615 to 735 and is all-in
villain14: folds 
Uncalled bet (615) returned to villain4
villain4 collected 330 from pot
villain4: doesn't show hand 
*** SUMMARY ***
Total pot 330 | Rake 0 
Seat 1: villain13 folded before Flop (didn't bet)
Seat 2: villain1 (button) folded before Flop (didn't bet)
Seat 5: villain4 (small blind) collected (330)
Seat 6: villain14 (big blind) folded before Flop
Seat 7: villain15 folded before Flop (didn't bet)
Seat 8: GuiRodri2013 folded before Flop (didn't bet)



PokerStars Hand #259898960621: Tournament #3979068754, $0.90+$0.10 USD Hold'em No Limit - Level V (60/120) - 2026/02/28 0:14:31 BRT [2026/02/27 22:14:31 ET]
Table '3979068754 1' 8-max Seat #5 is the button
Seat 1: villain13 (1654 in chips) 
Seat 2: villain1 (4655 in chips) 
Seat 5: villain4 (945 in chips) 
Seat 6: villain14 (1897 in chips) 
Seat 7: villain15 (3937 in chips) 
Seat 8: GuiRodri2013 (1247 in chips) 
villain13: posts the ante 15
villain1: posts the ante 15
villain4: posts the ante 15
villain14: posts the ante 15
villain15: posts the ante 15
GuiRodri2013: posts the ante 15
villain14: posts small blind 60
villain15: posts big blind 120
*** HOLE CARDS ***
Dealt to GuiRodri2013 [6h 4h]
GuiRodri2013: folds 
villain13: raises 132 to 252
villain1: folds 
villain4: folds 
villain14: folds 
villain15: folds 
Uncalled bet (132) returned to villain13
villain13 collected 390 from pot
villain13: doesn't show hand 
*** SUMMARY ***
Total pot 390 | Rake 0 
Seat 1: villain13 collected (390)
Seat 2: villain1 folded before Flop (didn't bet)
Seat 5: villain4 (button) folded before Flop (didn't bet)
Seat 6: villain14 (small blind) folded before Flop
Seat 7: villain15 (big blind) folded before Flop
Seat 8: GuiRodri2013 folded before Flop (didn't bet)



PokerStars Hand #259898963967: Tournament #3979068754, $0.90+$0.10 USD Hold'em No Limit - Level VI (80/160) - 2026/02/28 0:14:59 BRT [2026/02/27 22:14:59 ET]
Table '3979068754 1' 8-max Seat #6 is the button
Seat 1: villain13 (1909 in chips) 
Seat 2: villain1 (4640 in chips) 
Seat 5: villain4 (930 in chips) 
Seat 6: villain14 (1822 in chips) 
Seat 7: villain15 (3802 in chips) 
Seat 8: GuiRodri2013 (1232 in chips) 
villain13: posts the ante 20
villain1: posts the ante 20
villain4: posts the ante 20
villain14: posts the ante 20
villain15: posts the ante 20
GuiRodri2013: posts the ante 20
villain15: posts small blind 80
GuiRodri2013: posts big blind 160
*** HOLE CARDS ***
Dealt to GuiRodri2013 [5d 3c]
villain13: folds 
villain1: folds 
villain4: folds 
villain14: folds 
villain15: calls 80
GuiRodri2013: checks 
*** FLOP *** [7d 2d Ah]
villain15: bets 160
GuiRodri2013: folds 
Uncalled bet (160) returned to villain15
villain15 collected 440 from pot
villain15: doesn't show hand 
*** SUMMARY ***
Total pot 440 | Rake 0 
Board [7d 2d Ah]
Seat 1: villain13 folded before Flop (didn't bet)
Seat 2: villain1 folded before Flop (didn't bet)
Seat 5: villain4 folded before Flop (didn't bet)
Seat 6: villain14 (button) folded before Flop (didn't bet)
Seat 7: villain15 (small blind) collected (440)
Seat 8: GuiRodri2013 (big blind) folded on the Flop



PokerStars Hand #259898967811: Tournament #3979068754, $0.90+$0.10 USD Hold'em No Limit - Level VI (80/160) - 2026/02/28 0:15:30 BRT [2026/02/27 22:15:30 ET]
Table '3979068754 1' 8-max Seat #7 is the button
Seat 1: villain13 (1889 in chips) 
Seat 2: villain1 (4620 in chips) 
Seat 5: villain4 (910 in chips) 
Seat 6: villain14 (1802 in chips) 
Seat 7: villain15 (4062 in chips) 
Seat 8: GuiRodri2013 (1052 in chips) 
villain13: posts the ante 20
villain1: posts the ante 20
villain4: posts the ante 20
villain14: posts the ante 20
villain15: posts the ante 20
GuiRodri2013: posts the ante 20
GuiRodri2013: posts small blind 80
villain13: posts big blind 160
*** HOLE CARDS ***
Dealt to GuiRodri2013 [Kh 9c]
villain1: folds 
villain4: calls 160
villain14: calls 160
villain15: folds 
GuiRodri2013: folds 
villain13: checks 
*** FLOP *** [4h 2s Ks]
villain13: checks 
villain4: checks 
villain14: checks 
*** TURN *** [4h 2s Ks] [4d]
villain13: checks 
villain4: bets 160
villain14: calls 160
villain13: folds 
*** RIVER *** [4h 2s Ks 4d] [6h]
villain4: bets 480
villain14: calls 480
*** SHOW DOWN ***
villain4: shows [Kc Ac] (two pair, Kings and Fours)
villain14: mucks hand 
villain4 collected 1960 from pot
*** SUMMARY ***
Total pot 1960 | Rake 0 
Board [4h 2s Ks 4d 6h]
Seat 1: villain13 (big blind) folded on the Turn
Seat 2: villain1 folded before Flop (didn't bet)
Seat 5: villain4 showed [Kc Ac] and won (1960) with two pair, Kings and Fours
Seat 6: villain14 mucked [8d 8s]
Seat 7: villain15 (button) folded before Flop (didn't bet)
Seat 8: GuiRodri2013 (small blind) folded before Flop



PokerStars Hand #259898973567: Tournament #3979068754, $0.90+$0.10 USD Hold'em No Limit - Level VI (80/160) - 2026/02/28 0:16:18 BRT [2026/02/27 22:16:18 ET]
Table '3979068754 1' 8-max Seat #8 is the button
Seat 1: villain13 (1709 in chips) 
Seat 2: villain1 (4600 in chips) 
Seat 5: villain4 (2050 in chips) 
Seat 6: villain14 (982 in chips) 
Seat 7: villain15 (4042 in chips) 
Seat 8: GuiRodri2013 (952 in chips) 
villain13: posts the ante 20
villain1: posts the ante 20
villain4: posts the ante 20
villain14: posts the ante 20
villain15: posts the ante 20
GuiRodri2013: posts the ante 20
villain13: posts small blind 80
villain1: posts big blind 160
*** HOLE CARDS ***
Dealt to GuiRodri2013 [3s 3h]
villain8 is disconnected 
villain4: folds 
villain14: folds 
villain15: folds 
GuiRodri2013: calls 160
villain13: folds 
villain1: checks 
*** FLOP *** [6d Kd Js]
villain1: checks 
GuiRodri2013: checks 
*** TURN *** [6d Kd Js] [7h]
villain1: bets 343
GuiRodri2013: folds 
Uncalled bet (343) returned to villain1
villain1 collected 520 from pot
villain1: doesn't show hand 
*** SUMMARY ***
Total pot 520 | Rake 0 
Board [6d Kd Js 7h]
Seat 1: villain13 (small blind) folded before Flop
Seat 2: villain1 (big blind) collected (520)
Seat 5: villain4 folded before Flop (didn't bet)
Seat 6: villain14 folded before Flop (didn't bet)
Seat 7: villain15 folded before Flop (didn't bet)
Seat 8: GuiRodri2013 (button) folded on the Turn



PokerStars Hand #259898978995: Tournament #3979068754, $0.90+$0.10 USD Hold'em No Limit - Level VI (80/160) - 2026/02/28 0:17:04 BRT [2026/02/27 22:17:04 ET]
Table '3979068754 1' 8-max Seat #1 is the button
Seat 1: villain13 (1609 in chips) 
Seat 2: villain1 (4940 in chips) 
Seat 3: villain16 (2897 in chips) 
Seat 4: villain8 (7586 in chips) 
Seat 5: villain4 (2030 in chips) 
Seat 6: villain14 (962 in chips) 
Seat 7: villain15 (4022 in chips) 
Seat 8: GuiRodri2013 (772 in chips) 
villain13: posts the ante 20
villain1: posts the ante 20
villain16: posts the ante 20
villain8: posts the ante 20
villain4: posts the ante 20
villain14: posts the ante 20
villain15: posts the ante 20
GuiRodri2013: posts the ante 20
villain1: posts small blind 80
villain16: posts big blind 160
*** HOLE CARDS ***
Dealt to GuiRodri2013 [8d 2h]
villain8: folds 
villain4: folds 
villain14: folds 
villain15: folds 
GuiRodri2013: folds 
villain13: raises 1429 to 1589 and is all-in
villain1: folds 
villain16: folds 
Uncalled bet (1429) returned to villain13
villain13 collected 560 from pot
villain13: doesn't show hand 
*** SUMMARY ***
Total pot 560 | Rake 0 
Seat 1: villain13 (button) collected (560)
Seat 2: villain1 (small blind) folded before Flop
Seat 3: villain16 (big blind) folded before Flop
Seat 4: villain8 folded before Flop (didn't bet)
Seat 5: villain4 folded before Flop (didn't bet)
Seat 6: villain14 folded before Flop (didn't bet)
Seat 7: villain15 folded before Flop (didn't bet)
Seat 8: GuiRodri2013 folded before Flop (didn't bet)



PokerStars Hand #259898982261: Tournament #3979068754, $0.90+$0.10 USD Hold'em No Limit - Level VI (80/160) - 2026/02/28 0:17:31 BRT [2026/02/27 22:17:31 ET]
Table '3979068754 1' 8-max Seat #2 is the button
Seat 1: villain13 (1989 in chips) 
Seat 2: villain1 (4840 in chips) 
Seat 3: villain16 (2717 in chips) 
Seat 4: villain8 (7566 in chips) 
Seat 5: villain4 (2010 in chips) 
Seat 6: villain14 (942 in chips) 
Seat 7: villain15 (4002 in chips) 
Seat 8: GuiRodri2013 (752 in chips) 
villain13: posts the ante 20
villain1: posts the ante 20
villain16: posts the ante 20
villain8: posts the ante 20
villain4: posts the ante 20
villain14: posts the ante 20
villain15: posts the ante 20
GuiRodri2013: posts the ante 20
villain16: posts small blind 80
villain8: posts big blind 160
*** HOLE CARDS ***
Dealt to GuiRodri2013 [2h 4s]
villain4: folds 
villain14: folds 
villain15: raises 240 to 400
GuiRodri2013: folds 
villain13: folds 
villain1: folds 
villain16: folds 
villain8: calls 240
*** FLOP *** [4d 3h 5c]
villain8: checks 
villain15: bets 400
villain8: calls 400
*** TURN *** [4d 3h 5c] [9h]
villain8: checks 
villain15: bets 160
villain8: raises 640 to 800
villain15: folds 
Uncalled bet (640) returned to villain8
villain8 collected 2160 from pot
villain8: doesn't show hand 
*** SUMMARY ***
Total pot 2160 | Rake 0 
Board [4d 3h 5c 9h]
Seat 1: villain13 folded before Flop (didn't bet)
Seat 2: villain1 (button) folded before Flop (didn't bet)
Seat 3: villain16 (small blind) folded before Flop
Seat 4: villain8 (big blind) collected (2160)
Seat 5: villain4 folded before Flop (didn't bet)
Seat 6: villain14 folded before Flop (didn't bet)
Seat 7: villain15 folded on the Turn
Seat 8: GuiRodri2013 folded before Flop (didn't bet)



PokerStars Hand #259898992361: Tournament #3979068754, $0.90+$0.10 USD Hold'em No Limit - Level VI (80/160) - 2026/02/28 0:18:56 BRT [2026/02/27 22:18:56 ET]
Table '3979068754 1' 8-max Seat #3 is the button
Seat 1: villain13 (1969 in chips) 
Seat 2: villain1 (4820 in chips) 
Seat 3: villain16 (2617 in chips) 
Seat 4: villain8 (8746 in chips) 
Seat 5: villain4 (1990 in chips) 
Seat 6: villain14 (922 in chips) 
Seat 7: villain15 (3022 in chips) 
Seat 8: GuiRodri2013 (732 in chips) 
villain13: posts the ante 20
villain1: posts the ante 20
villain16: posts the ante 20
villain8: posts the ante 20
villain4: posts the ante 20
villain14: posts the ante 20
villain15: posts the ante 20
GuiRodri2013: posts the ante 20
villain8: posts small blind 80
villain4: posts big blind 160
*** HOLE CARDS ***
Dealt to GuiRodri2013 [9h Kh]
villain14: folds 
villain15: raises 160 to 320
GuiRodri2013: raises 392 to 712 and is all-in
villain13: folds 
villain1: folds 
villain16: folds 
villain8: calls 632
villain4: folds 
villain15: calls 392
*** FLOP *** [7h Qd Kd]
villain8: checks 
villain15: checks 
*** TURN *** [7h Qd Kd] [6c]
villain8: bets 614
villain15: folds 
Uncalled bet (614) returned to villain8
*** RIVER *** [7h Qd Kd 6c] [2h]
*** SHOW DOWN ***
villain8: shows [Jh Ad] (high card Ace)
GuiRodri2013: shows [9h Kh] (a pair of Kings)
GuiRodri2013 collected 2456 from pot
*** SUMMARY ***
Total pot 2456 | Rake 0 
Board [7h Qd Kd 6c 2h]
Seat 1: villain13 folded before Flop (didn't bet)
Seat 2: villain1 folded before Flop (didn't bet)
Seat 3: villain16 (button) folded before Flop (didn't bet)
Seat 4: villain8 (small blind) showed [Jh Ad] and lost with high card Ace
Seat 5: villain4 (big blind) folded before Flop
Seat 6: villain14 folded before Flop (didn't bet)
Seat 7: villain15 folded on the Turn
Seat 8: GuiRodri2013 showed [9h Kh] and won (2456) with a pair of Kings



PokerStars Hand #259899001060: Tournament #3979068754, $0.90+$0.10 USD Hold'em No Limit - Level VII (100/200) - 2026/02/28 0:20:10 BRT [2026/02/27 22:20:10 ET]
Table '3979068754 1' 8-max Seat #4 is the button
Seat 1: villain13 (1949 in chips) 
Seat 2: villain1 (4800 in chips) 
Seat 3: villain16 (2597 in chips) 
Seat 4: villain8 (8014 in chips) 
Seat 5: villain4 (1810 in chips) 
Seat 6: villain14 (902 in chips) 
Seat 7: villain15 (2290 in chips) 
Seat 8: GuiRodri2013 (2456 in chips) 
villain13: posts the ante 25
villain1: posts the ante 25
villain16: posts the ante 25
villain8: posts the ante 25
villain4: posts the ante 25
villain14: posts the ante 25
villain15: posts the ante 25
GuiRodri2013: posts the ante 25
villain4: posts small blind 100
villain14: posts big blind 200
*** HOLE CARDS ***
Dealt to GuiRodri2013 [6h Jd]
villain15: folds 
GuiRodri2013: folds 
villain13: folds 
villain1: raises 200 to 400
villain16: folds 
villain8: raises 800 to 1200
villain4: folds 
villain14: calls 677 and is all-in
villain1: calls 800
*** FLOP *** [4h 7c 5c]
villain1: checks 
villain8: bets 6789 and is all-in
villain1: calls 3575 and is all-in
Uncalled bet (3214) returned to villain8
*** TURN *** [4h 7c 5c] [Ah]
villain4 is sitting out
*** RIVER *** [4h 7c 5c Ah] [7h]
villain4 has returned
*** SHOW DOWN ***
villain1: shows [Jc Kc] (a pair of Sevens)
villain8: shows [9c 9d] (two pair, Nines and Sevens)
villain8 collected 7796 from side pot
villain14: shows [8c Ac] (two pair, Aces and Sevens)
villain14 collected 2931 from main pot
villain1 finished the tournament in 16th place
*** SUMMARY ***
Total pot 10727 Main pot 2931. Side pot 7796. | Rake 0 
Board [4h 7c 5c Ah 7h]
Seat 1: villain13 folded before Flop (didn't bet)
Seat 2: villain1 showed [Jc Kc] and lost with a pair of Sevens
Seat 3: villain16 folded before Flop (didn't bet)
Seat 4: villain8 (button) showed [9c 9d] and won (7796) with two pair, Nines and Sevens
Seat 5: villain4 (small blind) folded before Flop
Seat 6: villain14 (big blind) showed [8c Ac] and won (2931) with two pair, Aces and Sevens
Seat 7: villain15 folded before Flop (didn't bet)
Seat 8: GuiRodri2013 folded before Flop (didn't bet)



PokerStars Hand #259899010257: Tournament #3979068754, $0.90+$0.10 USD Hold'em No Limit - Level VII (100/200) - 2026/02/28 0:21:29 BRT [2026/02/27 22:21:29 ET]
Table '3979068754 1' 8-max Seat #5 is the button
Seat 1: villain13 (1924 in chips) 
Seat 3: villain16 (2572 in chips) 
Seat 4: villain8 (11010 in chips) 
Seat 5: villain4 (1685 in chips) 
Seat 6: villain14 (2931 in chips) 
Seat 7: villain15 (2265 in chips) 
Seat 8: GuiRodri2013 (2431 in chips) 
villain13: posts the ante 25
villain16: posts the ante 25
villain8: posts the ante 25
villain4: posts the ante 25
villain14: posts the ante 25
villain15: posts the ante 25
GuiRodri2013: posts the ante 25
villain14: posts small blind 100
villain15: posts big blind 200
*** HOLE CARDS ***
Dealt to GuiRodri2013 [Jc 6s]
GuiRodri2013: folds 
villain13: folds 
villain16: folds 
villain8: folds 
villain4: folds 
villain4 is sitting out
villain14: calls 100
villain15: checks 
*** FLOP *** [Kc 8h 5s]
villain14: checks 
villain15: checks 
*** TURN *** [Kc 8h 5s] [6h]
villain14: bets 200
villain15: folds 
Uncalled bet (200) returned to villain14
villain14 collected 575 from pot
villain14: doesn't show hand 
*** SUMMARY ***
Total pot 575 | Rake 0 
Board [Kc 8h 5s 6h]
Seat 1: villain13 folded before Flop (didn't bet)
Seat 3: villain16 folded before Flop (didn't bet)
Seat 4: villain8 folded before Flop (didn't bet)
Seat 5: villain4 (button) folded before Flop (didn't bet)
Seat 6: villain14 (small blind) collected (575)
Seat 7: villain15 (big blind) folded on the Turn
Seat 8: GuiRodri2013 folded before Flop (didn't bet)



PokerStars Hand #259899015624: Tournament #3979068754, $0.90+$0.10 USD Hold'em No Limit - Level VII (100/200) - 2026/02/28 0:22:15 BRT [2026/02/27 22:22:15 ET]
Table '3979068754 1' 8-max Seat #6 is the button
Seat 1: villain13 (1899 in chips) 
Seat 3: villain16 (2547 in chips) 
Seat 4: villain8 (10985 in chips) 
Seat 5: villain4 (1660 in chips) is sitting out
Seat 6: villain14 (3281 in chips) 
Seat 7: villain15 (2040 in chips) 
Seat 8: GuiRodri2013 (2406 in chips) 
villain13: posts the ante 25
villain16: posts the ante 25
villain8: posts the ante 25
villain4: posts the ante 25
villain14: posts the ante 25
villain15: posts the ante 25
GuiRodri2013: posts the ante 25
villain15: posts small blind 100
GuiRodri2013: posts big blind 200
*** HOLE CARDS ***
Dealt to GuiRodri2013 [Kh 9h]
villain13: folds 
villain16: calls 200
villain8: folds 
villain4: folds 
villain14: folds 
villain15: calls 100
GuiRodri2013: checks 
*** FLOP *** [Kc Js 7h]
villain15: checks 
GuiRodri2013: bets 600
villain16: folds 
villain15: folds 
Uncalled bet (600) returned to GuiRodri2013
GuiRodri2013 collected 775 from pot
GuiRodri2013: doesn't show hand 
*** SUMMARY ***
Total pot 775 | Rake 0 
Board [Kc Js 7h]
Seat 1: villain13 folded before Flop (didn't bet)
Seat 3: villain16 folded on the Flop
Seat 4: villain8 folded before Flop (didn't bet)
Seat 5: villain4 folded before Flop (didn't bet)
Seat 6: villain14 (button) folded before Flop (didn't bet)
Seat 7: villain15 (small blind) folded on the Flop
Seat 8: GuiRodri2013 (big blind) collected (775)



PokerStars Hand #259899019946: Tournament #3979068754, $0.90+$0.10 USD Hold'em No Limit - Level VII (100/200) - 2026/02/28 0:22:52 BRT [2026/02/27 22:22:52 ET]
Table '3979068754 1' 8-max Seat #7 is the button
Seat 1: villain13 (1874 in chips) 
Seat 3: villain16 (2322 in chips) 
Seat 4: villain8 (10960 in chips) 
Seat 5: villain4 (1635 in chips) is sitting out
Seat 6: villain14 (3256 in chips) 
Seat 7: villain15 (1815 in chips) 
Seat 8: GuiRodri2013 (2956 in chips) 
villain13: posts the ante 25
villain16: posts the ante 25
villain8: posts the ante 25
villain4: posts the ante 25
villain14: posts the ante 25
villain15: posts the ante 25
GuiRodri2013: posts the ante 25
GuiRodri2013: posts small blind 100
villain13: posts big blind 200
*** HOLE CARDS ***
Dealt to GuiRodri2013 [Tc 6h]
villain16: folds 
villain8: folds 
villain4: folds 
villain14: folds 
villain15: raises 1590 to 1790 and is all-in
GuiRodri2013: folds 
villain13: calls 1590
*** FLOP *** [Qc Kc 9d]
*** TURN *** [Qc Kc 9d] [5d]
*** RIVER *** [Qc Kc 9d 5d] [7c]
*** SHOW DOWN ***
villain13: shows [Ah 8h] (high card Ace)
villain15: shows [As 4c] (high card Ace - lower kicker)
villain13 collected 3855 from pot
villain15 finished the tournament in 15th place
*** SUMMARY ***
Total pot 3855 | Rake 0 
Board [Qc Kc 9d 5d 7c]
Seat 1: villain13 (big blind) showed [Ah 8h] and won (3855) with high card Ace
Seat 3: villain16 folded before Flop (didn't bet)
Seat 4: villain8 folded before Flop (didn't bet)
Seat 5: villain4 folded before Flop (didn't bet)
Seat 6: villain14 folded before Flop (didn't bet)
Seat 7: villain15 (button) showed [As 4c] and lost with high card Ace
Seat 8: GuiRodri2013 (small blind) folded before Flop



PokerStars Hand #259899023800: Tournament #3979068754, $0.90+$0.10 USD Hold'em No Limit - Level VII (100/200) - 2026/02/28 0:23:25 BRT [2026/02/27 22:23:25 ET]
Table '3979068754 1' 8-max Seat #8 is the button
Seat 1: villain13 (3914 in chips) 
Seat 3: villain16 (2297 in chips) 
Seat 4: villain8 (10935 in chips) 
Seat 5: villain4 (1610 in chips) is sitting out
Seat 6: villain14 (3231 in chips) 
Seat 8: GuiRodri2013 (2831 in chips) 
villain13: posts the ante 25
villain16: posts the ante 25
villain8: posts the ante 25
villain4: posts the ante 25
villain14: posts the ante 25
GuiRodri2013: posts the ante 25
villain13: posts small blind 100
villain16: posts big blind 200
*** HOLE CARDS ***
Dealt to GuiRodri2013 [Qs Jc]
villain8: folds 
villain4: folds 
villain14: folds 
GuiRodri2013: raises 200 to 400
villain13: folds 
villain16: folds 
Uncalled bet (200) returned to GuiRodri2013
GuiRodri2013 collected 650 from pot
GuiRodri2013: doesn't show hand 
*** SUMMARY ***
Total pot 650 | Rake 0 
Seat 1: villain13 (small blind) folded before Flop
Seat 3: villain16 (big blind) folded before Flop
Seat 4: villain8 folded before Flop (didn't bet)
Seat 5: villain4 folded before Flop (didn't bet)
Seat 6: villain14 folded before Flop (didn't bet)
Seat 8: GuiRodri2013 (button) collected (650)



PokerStars Hand #259899025493: Tournament #3979068754, $0.90+$0.10 USD Hold'em No Limit - Level VII (100/200) - 2026/02/28 0:23:40 BRT [2026/02/27 22:23:40 ET]
Table '3979068754 1' 8-max Seat #1 is the button
Seat 1: villain13 (3789 in chips) 
Seat 3: villain16 (2072 in chips) 
Seat 4: villain8 (10910 in chips) 
Seat 5: villain4 (1585 in chips) is sitting out
Seat 6: villain14 (3206 in chips) 
Seat 8: GuiRodri2013 (3256 in chips) 
villain13: posts the ante 25
villain16: posts the ante 25
villain8: posts the ante 25
villain4: posts the ante 25
villain14: posts the ante 25
GuiRodri2013: posts the ante 25
villain16: posts small blind 100
villain8: posts big blind 200
*** HOLE CARDS ***
Dealt to GuiRodri2013 [7c 7s]
villain4: folds 
villain14: raises 200 to 400
GuiRodri2013: folds 
villain13: folds 
villain16: folds 
villain17 is disconnected 
villain8: calls 200
*** FLOP *** [8d 6h Jd]
villain8: bets 200
villain14: calls 200
*** TURN *** [8d 6h Jd] [2c]
villain8: bets 725
villain14: folds 
Uncalled bet (725) returned to villain8
villain8 collected 1450 from pot
villain8: doesn't show hand 
*** SUMMARY ***
Total pot 1450 | Rake 0 
Board [8d 6h Jd 2c]
Seat 1: villain13 (button) folded before Flop (didn't bet)
Seat 3: villain16 (small blind) folded before Flop
Seat 4: villain8 (big blind) collected (1450)
Seat 5: villain4 folded before Flop (didn't bet)
Seat 6: villain14 folded on the Turn
Seat 8: GuiRodri2013 folded before Flop (didn't bet)



PokerStars Hand #259899032135: Tournament #3979068754, $0.90+$0.10 USD Hold'em No Limit - Level VII (100/200) - 2026/02/28 0:24:37 BRT [2026/02/27 22:24:37 ET]
Table '3979068754 1' 8-max Seat #3 is the button
Seat 1: villain13 (3764 in chips) 
Seat 3: villain16 (1947 in chips) 
Seat 4: villain8 (11735 in chips) 
Seat 5: villain4 (1560 in chips) is sitting out
Seat 6: villain14 (2581 in chips) 
Seat 7: villain17 (3638 in chips) 
Seat 8: GuiRodri2013 (3231 in chips) 
villain13: posts the ante 25
villain16: posts the ante 25
villain8: posts the ante 25
villain4: posts the ante 25
villain14: posts the ante 25
villain17: posts the ante 25
GuiRodri2013: posts the ante 25
villain8: posts small blind 100
villain4: posts big blind 200
*** HOLE CARDS ***
Dealt to GuiRodri2013 [7c 3d]
villain14: folds 
villain4 has returned
villain17: folds 
GuiRodri2013: folds 
villain13: folds 
villain16: raises 1722 to 1922 and is all-in
villain8: folds 
villain4: folds 
Uncalled bet (1722) returned to villain16
villain16 collected 675 from pot
villain16: doesn't show hand 
*** SUMMARY ***
Total pot 675 | Rake 0 
Seat 1: villain13 folded before Flop (didn't bet)
Seat 3: villain16 (button) collected (675)
Seat 4: villain8 (small blind) folded before Flop
Seat 5: villain4 (big blind) folded before Flop
Seat 6: villain14 folded before Flop (didn't bet)
Seat 7: villain17 folded before Flop (didn't bet)
Seat 8: GuiRodri2013 folded before Flop (didn't bet)



PokerStars Hand #259899035042: Tournament #3979068754, $0.90+$0.10 USD Hold'em No Limit - Level VIII (150/300) - 2026/02/28 0:25:02 BRT [2026/02/27 22:25:02 ET]
Table '3979068754 1' 8-max Seat #4 is the button
Seat 1: villain13 (3739 in chips) 
Seat 3: villain16 (2397 in chips) 
Seat 4: villain8 (11610 in chips) 
Seat 5: villain4 (1335 in chips) 
Seat 6: villain14 (2556 in chips) 
Seat 7: villain17 (3613 in chips) 
Seat 8: GuiRodri2013 (3206 in chips) 
villain13: posts the ante 35
villain16: posts the ante 35
villain8: posts the ante 35
villain4: posts the ante 35
villain14: posts the ante 35
villain17: posts the ante 35
GuiRodri2013: posts the ante 35
villain4: posts small blind 150
villain14: posts big blind 300
*** HOLE CARDS ***
Dealt to GuiRodri2013 [Qc 7h]
villain17: folds 
GuiRodri2013: folds 
villain13: folds 
villain16: folds 
villain8: folds 
villain4: folds 
Uncalled bet (150) returned to villain14
villain14 collected 545 from pot
villain14: doesn't show hand 
*** SUMMARY ***
Total pot 545 | Rake 0 
Seat 1: villain13 folded before Flop (didn't bet)
Seat 3: villain16 folded before Flop (didn't bet)
Seat 4: villain8 (button) folded before Flop (didn't bet)
Seat 5: villain4 (small blind) folded before Flop
Seat 6: villain14 (big blind) collected (545)
Seat 7: villain17 folded before Flop (didn't bet)
Seat 8: GuiRodri2013 folded before Flop (didn't bet)



PokerStars Hand #259899036417: Tournament #3979068754, $0.90+$0.10 USD Hold'em No Limit - Level VIII (150/300) - 2026/02/28 0:25:13 BRT [2026/02/27 22:25:13 ET]
Table '3979068754 1' 8-max Seat #5 is the button
Seat 1: villain13 (3704 in chips) 
Seat 3: villain16 (2362 in chips) 
Seat 4: villain8 (11575 in chips) 
Seat 5: villain4 (1150 in chips) 
Seat 6: villain14 (2916 in chips) 
Seat 7: villain17 (3578 in chips) 
Seat 8: GuiRodri2013 (3171 in chips) 
villain13: posts the ante 35
villain16: posts the ante 35
villain8: posts the ante 35
villain4: posts the ante 35
villain14: posts the ante 35
villain17: posts the ante 35
GuiRodri2013: posts the ante 35
villain14: posts small blind 150
villain17: posts big blind 300
*** HOLE CARDS ***
Dealt to GuiRodri2013 [3h Qd]
GuiRodri2013: folds 
villain13: folds 
villain16: raises 2027 to 2327 and is all-in
villain8: folds 
villain4: folds 
villain14: folds 
villain17: calls 2027
*** FLOP *** [Td 2s Qc]
*** TURN *** [Td 2s Qc] [4d]
*** RIVER *** [Td 2s Qc 4d] [Kc]
*** SHOW DOWN ***
villain17: shows [Th Jh] (a pair of Tens)
villain16: shows [Ad Jd] (a straight, Ten to Ace)
villain16 collected 5049 from pot
*** SUMMARY ***
Total pot 5049 | Rake 0 
Board [Td 2s Qc 4d Kc]
Seat 1: villain13 folded before Flop (didn't bet)
Seat 3: villain16 showed [Ad Jd] and won (5049) with a straight, Ten to Ace
Seat 4: villain8 folded before Flop (didn't bet)
Seat 5: villain4 (button) folded before Flop (didn't bet)
Seat 6: villain14 (small blind) folded before Flop
Seat 7: villain17 (big blind) showed [Th Jh] and lost with a pair of Tens
Seat 8: GuiRodri2013 folded before Flop (didn't bet)



PokerStars Hand #259899040789: Tournament #3979068754, $0.90+$0.10 USD Hold'em No Limit - Level VIII (150/300) - 2026/02/28 0:25:51 BRT [2026/02/27 22:25:51 ET]
Table '3979068754 1' 8-max Seat #6 is the button
Seat 1: villain13 (3669 in chips) 
Seat 3: villain16 (5049 in chips) 
Seat 4: villain8 (11540 in chips) 
Seat 5: villain4 (1115 in chips) 
Seat 6: villain14 (2731 in chips) 
Seat 7: villain17 (1216 in chips) 
Seat 8: GuiRodri2013 (3136 in chips) 
villain13: posts the ante 35
villain16: posts the ante 35
villain8: posts the ante 35
villain4: posts the ante 35
villain14: posts the ante 35
villain17: posts the ante 35
GuiRodri2013: posts the ante 35
villain17: posts small blind 150
GuiRodri2013: posts big blind 300
*** HOLE CARDS ***
Dealt to GuiRodri2013 [Jc Jh]
villain13: folds 
villain16: folds 
villain8: folds 
villain4: folds 
villain14: calls 300
villain17: calls 150
GuiRodri2013: raises 600 to 900
villain14: folds 
villain17: folds 
Uncalled bet (600) returned to GuiRodri2013
GuiRodri2013 collected 1145 from pot
GuiRodri2013: doesn't show hand 
*** SUMMARY ***
Total pot 1145 | Rake 0 
Seat 1: villain13 folded before Flop (didn't bet)
Seat 3: villain16 folded before Flop (didn't bet)
Seat 4: villain8 folded before Flop (didn't bet)
Seat 5: villain4 folded before Flop (didn't bet)
Seat 6: villain14 (button) folded before Flop
Seat 7: villain17 (small blind) folded before Flop
Seat 8: GuiRodri2013 (big blind) collected (1145)



PokerStars Hand #259899046981: Tournament #3979068754, $0.90+$0.10 USD Hold'em No Limit - Level VIII (150/300) - 2026/02/28 0:26:45 BRT [2026/02/27 22:26:45 ET]
Table '3979068754 1' 8-max Seat #7 is the button
Seat 1: villain13 (3634 in chips) 
Seat 4: villain8 (11505 in chips) 
Seat 5: villain4 (1080 in chips) 
Seat 6: villain14 (2396 in chips) 
Seat 7: villain17 (881 in chips) 
Seat 8: GuiRodri2013 (3946 in chips) 
villain13: posts the ante 35
villain8: posts the ante 35
villain4: posts the ante 35
villain14: posts the ante 35
villain17: posts the ante 35
GuiRodri2013: posts the ante 35
GuiRodri2013: posts small blind 150
villain13: posts big blind 300
*** HOLE CARDS ***
Dealt to GuiRodri2013 [6s 6c]
villain8: folds 
villain4: folds 
villain14: calls 300
villain17: folds 
GuiRodri2013: calls 150
villain13: checks 
*** FLOP *** [Tc Kd 5s]
GuiRodri2013: checks 
villain13: checks 
villain14: checks 
*** TURN *** [Tc Kd 5s] [2s]
GuiRodri2013: bets 300
villain13: calls 300
villain14: calls 300
*** RIVER *** [Tc Kd 5s 2s] [6h]
GuiRodri2013: bets 600
villain13: folds 
villain14: folds 
Uncalled bet (600) returned to GuiRodri2013
GuiRodri2013 collected 2010 from pot
GuiRodri2013: doesn't show hand 
*** SUMMARY ***
Total pot 2010 | Rake 0 
Board [Tc Kd 5s 2s 6h]
Seat 1: villain13 (big blind) folded on the River
Seat 4: villain8 folded before Flop (didn't bet)
Seat 5: villain4 folded before Flop (didn't bet)
Seat 6: villain14 folded on the River
Seat 7: villain17 (button) folded before Flop (didn't bet)
Seat 8: GuiRodri2013 (small blind) collected (2010)



PokerStars Hand #259899051439: Tournament #3979068754, $0.90+$0.10 USD Hold'em No Limit - Level VIII (150/300) - 2026/02/28 0:27:23 BRT [2026/02/27 22:27:23 ET]
Table '3979068754 1' 8-max Seat #8 is the button
Seat 1: villain13 (2999 in chips) 
Seat 4: villain8 (11470 in chips) 
Seat 5: villain4 (1045 in chips) 
Seat 6: villain14 (1761 in chips) 
Seat 7: villain17 (846 in chips) 
Seat 8: GuiRodri2013 (5321 in chips) 
villain13: posts the ante 35
villain8: posts the ante 35
villain4: posts the ante 35
villain14: posts the ante 35
villain17: posts the ante 35
GuiRodri2013: posts the ante 35
villain13: posts small blind 150
villain8: posts big blind 300
*** HOLE CARDS ***
Dealt to GuiRodri2013 [2h 5h]
villain4: folds 
villain14: folds 
villain17: calls 300
GuiRodri2013: folds 
villain13: raises 2664 to 2964 and is all-in
villain8: folds 
villain17: calls 511 and is all-in
Uncalled bet (2153) returned to villain13
*** FLOP *** [Js 2c Kc]
*** TURN *** [Js 2c Kc] [5d]
*** RIVER *** [Js 2c Kc 5d] [8h]
*** SHOW DOWN ***
villain13: shows [3c Ac] (high card Ace)
villain17: shows [8d Td] (a pair of Eights)
villain17 collected 2132 from pot
*** SUMMARY ***
Total pot 2132 | Rake 0 
Board [Js 2c Kc 5d 8h]
Seat 1: villain13 (small blind) showed [3c Ac] and lost with high card Ace
Seat 4: villain8 (big blind) folded before Flop
Seat 5: villain4 folded before Flop (didn't bet)
Seat 6: villain14 folded before Flop (didn't bet)
Seat 7: villain17 showed [8d Td] and won (2132) with a pair of Eights
Seat 8: GuiRodri2013 (button) folded before Flop (didn't bet)



PokerStars Hand #259899056030: Tournament #3979068754, $0.90+$0.10 USD Hold'em No Limit - Level VIII (150/300) - 2026/02/28 0:28:04 BRT [2026/02/27 22:28:04 ET]
Table '3979068754 1' 8-max Seat #1 is the button
Seat 1: villain13 (2153 in chips) 
Seat 4: villain8 (11135 in chips) 
Seat 5: villain4 (1010 in chips) 
Seat 6: villain14 (1726 in chips) 
Seat 7: villain17 (2132 in chips) 
Seat 8: GuiRodri2013 (5286 in chips) 
villain13: posts the ante 35
villain8: posts the ante 35
villain4: posts the ante 35
villain14: posts the ante 35
villain17: posts the ante 35
GuiRodri2013: posts the ante 35
villain8: posts small blind 150
villain4: posts big blind 300
*** HOLE CARDS ***
Dealt to GuiRodri2013 [7s Jd]
villain14: folds 
villain17: folds 
GuiRodri2013: folds 
villain13: folds 
villain8: folds 
Uncalled bet (150) returned to villain4
villain4 collected 510 from pot
villain4: doesn't show hand 
*** SUMMARY ***
Total pot 510 | Rake 0 
Seat 1: villain13 (button) folded before Flop (didn't bet)
Seat 4: villain8 (small blind) folded before Flop
Seat 5: villain4 (big blind) collected (510)
Seat 6: villain14 folded before Flop (didn't bet)
Seat 7: villain17 folded before Flop (didn't bet)
Seat 8: GuiRodri2013 folded before Flop (didn't bet)



PokerStars Hand #259899057232: Tournament #3979068754, $0.90+$0.10 USD Hold'em No Limit - Level VIII (150/300) - 2026/02/28 0:28:15 BRT [2026/02/27 22:28:15 ET]
Table '3979068754 1' 8-max Seat #4 is the button
Seat 1: villain13 (2118 in chips) 
Seat 4: villain8 (10950 in chips) 
Seat 5: villain4 (1335 in chips) 
Seat 6: villain14 (1691 in chips) 
Seat 7: villain17 (2097 in chips) 
Seat 8: GuiRodri2013 (5251 in chips) 
villain13: posts the ante 35
villain8: posts the ante 35
villain4: posts the ante 35
villain14: posts the ante 35
villain17: posts the ante 35
GuiRodri2013: posts the ante 35
villain4: posts small blind 150
villain14: posts big blind 300
*** HOLE CARDS ***
Dealt to GuiRodri2013 [4s 5s]
villain17: raises 300 to 600
GuiRodri2013: folds 
villain13: folds 
villain8: folds 
villain4: folds 
villain14: calls 300
*** FLOP *** [6c 2d As]
villain14: checks 
villain17: bets 300
villain14: folds 
Uncalled bet (300) returned to villain17
villain17 collected 1560 from pot
*** SUMMARY ***
Total pot 1560 | Rake 0 
Board [6c 2d As]
Seat 1: villain13 folded before Flop (didn't bet)
Seat 4: villain8 (button) folded before Flop (didn't bet)
Seat 5: villain4 (small blind) folded before Flop
Seat 6: villain14 (big blind) folded on the Flop
Seat 7: villain17 collected (1560)
Seat 8: GuiRodri2013 folded before Flop (didn't bet)



PokerStars Hand #259899060156: Tournament #3979068754, $0.90+$0.10 USD Hold'em No Limit - Level VIII (150/300) - 2026/02/28 0:28:41 BRT [2026/02/27 22:28:41 ET]
Table '3979068754 1' 8-max Seat #5 is the button
Seat 1: villain13 (2083 in chips) 
Seat 4: villain8 (10915 in chips) 
Seat 5: villain4 (1150 in chips) 
Seat 6: villain14 (1056 in chips) 
Seat 7: villain17 (3022 in chips) 
Seat 8: GuiRodri2013 (5216 in chips) 
villain13: posts the ante 35
villain8: posts the ante 35
villain4: posts the ante 35
villain14: posts the ante 35
villain17: posts the ante 35
GuiRodri2013: posts the ante 35
villain14: posts small blind 150
villain17: posts big blind 300
*** HOLE CARDS ***
Dealt to GuiRodri2013 [Jh 8c]
GuiRodri2013: folds 
villain13: folds 
villain8: folds 
villain4: folds 
villain14: folds 
Uncalled bet (150) returned to villain17
villain17 collected 510 from pot
*** SUMMARY ***
Total pot 510 | Rake 0 
Seat 1: villain13 folded before Flop (didn't bet)
Seat 4: villain8 folded before Flop (didn't bet)
Seat 5: villain4 (button) folded before Flop (didn't bet)
Seat 6: villain14 (small blind) folded before Flop
Seat 7: villain17 (big blind) collected (510)
Seat 8: GuiRodri2013 folded before Flop (didn't bet)



PokerStars Hand #259899062674: Tournament #3979068754, $0.90+$0.10 USD Hold'em No Limit - Level VIII (150/300) - 2026/02/28 0:29:02 BRT [2026/02/27 22:29:02 ET]
Table '3979068754 1' 8-max Seat #6 is the button
Seat 1: villain13 (2048 in chips) 
Seat 4: villain8 (10880 in chips) 
Seat 5: villain4 (1115 in chips) 
Seat 6: villain14 (871 in chips) 
Seat 7: villain17 (3347 in chips) 
Seat 8: GuiRodri2013 (5181 in chips) 
villain13: posts the ante 35
villain8: posts the ante 35
villain4: posts the ante 35
villain14: posts the ante 35
villain17: posts the ante 35
GuiRodri2013: posts the ante 35
villain17: posts small blind 150
GuiRodri2013: posts big blind 300
*** HOLE CARDS ***
Dealt to GuiRodri2013 [Js Kd]
villain13: raises 1713 to 2013 and is all-in
villain8: folds 
villain4: folds 
villain14: folds 
villain17: folds 
GuiRodri2013: folds 
Uncalled bet (1713) returned to villain13
villain13 collected 960 from pot
villain13: doesn't show hand 
*** SUMMARY ***
Total pot 960 | Rake 0 
Seat 1: villain13 collected (960)
Seat 4: villain8 folded before Flop (didn't bet)
Seat 5: villain4 folded before Flop (didn't bet)
Seat 6: villain14 (button) folded before Flop (didn't bet)
Seat 7: villain17 (small blind) folded before Flop
Seat 8: GuiRodri2013 (big blind) folded before Flop



PokerStars Hand #259899065557: Tournament #3979068754, $0.90+$0.10 USD Hold'em No Limit - Level VIII (150/300) - 2026/02/28 0:29:28 BRT [2026/02/27 22:29:28 ET]
Table '3979068754 1' 8-max Seat #7 is the button
Seat 1: villain13 (2673 in chips) 
Seat 4: villain8 (10845 in chips) 
Seat 5: villain4 (1080 in chips) 
Seat 6: villain14 (836 in chips) 
Seat 7: villain17 (3162 in chips) 
Seat 8: GuiRodri2013 (4846 in chips) 
villain13: posts the ante 35
villain8: posts the ante 35
villain4: posts the ante 35
villain14: posts the ante 35
villain17: posts the ante 35
GuiRodri2013: posts the ante 35
GuiRodri2013: posts small blind 150
villain13: posts big blind 300
*** HOLE CARDS ***
Dealt to GuiRodri2013 [Jc 3d]
villain8: raises 300 to 600
villain4: folds 
villain14: folds 
villain17: folds 
GuiRodri2013: folds 
villain13: folds 
Uncalled bet (300) returned to villain8
villain8 collected 960 from pot
villain8: doesn't show hand 
*** SUMMARY ***
Total pot 960 | Rake 0 
Seat 1: villain13 (big blind) folded before Flop
Seat 4: villain8 collected (960)
Seat 5: villain4 folded before Flop (didn't bet)
Seat 6: villain14 folded before Flop (didn't bet)
Seat 7: villain17 (button) folded before Flop (didn't bet)
Seat 8: GuiRodri2013 (small blind) folded before Flop



PokerStars Hand #259899067419: Tournament #3979068754, $0.90+$0.10 USD Hold'em No Limit - Level VIII (150/300) - 2026/02/28 0:29:44 BRT [2026/02/27 22:29:44 ET]
Table '3979068754 1' 8-max Seat #8 is the button
Seat 1: villain13 (2338 in chips) 
Seat 4: villain8 (11470 in chips) 
Seat 5: villain4 (1045 in chips) 
Seat 6: villain14 (801 in chips) 
Seat 7: villain17 (3127 in chips) 
Seat 8: GuiRodri2013 (4661 in chips) 
villain13: posts the ante 35
villain8: posts the ante 35
villain4: posts the ante 35
villain14: posts the ante 35
villain17: posts the ante 35
GuiRodri2013: posts the ante 35
villain13: posts small blind 150
villain8: posts big blind 300
*** HOLE CARDS ***
Dealt to GuiRodri2013 [8s Ks]
villain4: folds 
villain14: folds 
villain17: folds 
GuiRodri2013: raises 300 to 600
villain13: raises 1703 to 2303 and is all-in
villain8: folds 
GuiRodri2013: folds 
Uncalled bet (1703) returned to villain13
villain13 collected 1710 from pot
villain13: doesn't show hand 
*** SUMMARY ***
Total pot 1710 | Rake 0 
Seat 1: villain13 (small blind) collected (1710)
Seat 4: villain8 (big blind) folded before Flop
Seat 5: villain4 folded before Flop (didn't bet)
Seat 6: villain14 folded before Flop (didn't bet)
Seat 7: villain17 folded before Flop (didn't bet)
Seat 8: GuiRodri2013 (button) folded before Flop



PokerStars Hand #259899070807: Tournament #3979068754, $0.90+$0.10 USD Hold'em No Limit - Level IX (200/400) - 2026/02/28 0:30:13 BRT [2026/02/27 22:30:13 ET]
Table '3979068754 1' 8-max Seat #1 is the button
Seat 1: villain13 (3413 in chips) 
Seat 4: villain8 (11135 in chips) 
Seat 5: villain4 (1010 in chips) 
Seat 7: villain17 (3092 in chips) 
Seat 8: GuiRodri2013 (4026 in chips) 
villain13: posts the ante 50
villain8: posts the ante 50
villain4: posts the ante 50
villain17: posts the ante 50
GuiRodri2013: posts the ante 50
villain8: posts small blind 200
villain4: posts big blind 400
*** HOLE CARDS ***
Dealt to GuiRodri2013 [9d Qd]
villain17: raises 400 to 800
GuiRodri2013: folds 
villain13: folds 
villain8: calls 600
villain4: raises 160 to 960 and is all-in
villain17: calls 160
villain8: calls 160
*** FLOP *** [5s Kh 5d]
villain8: checks 
villain17: bets 400
villain8: calls 400
*** TURN *** [5s Kh 5d] [6h]
villain8: checks 
villain17: bets 400
villain8: calls 400
*** RIVER *** [5s Kh 5d 6h] [Jh]
villain8: checks 
villain17: checks 
*** SHOW DOWN ***
villain8: shows [As 6c] (two pair, Sixes and Fives)
villain17: shows [8c 8h] (two pair, Eights and Fives)
villain17 collected 1600 from side pot
villain4: shows [9h 7h] (a flush, King high)
villain4 collected 3130 from main pot
*** SUMMARY ***
Total pot 4730 Main pot 3130. Side pot 1600. | Rake 0 
Board [5s Kh 5d 6h Jh]
Seat 1: villain13 (button) folded before Flop (didn't bet)
Seat 4: villain8 (small blind) showed [As 6c] and lost with two pair, Sixes and Fives
Seat 5: villain4 (big blind) showed [9h 7h] and won (3130) with a flush, King high
Seat 7: villain17 showed [8c 8h] and won (1600) with two pair, Eights and Fives
Seat 8: GuiRodri2013 folded before Flop (didn't bet)



PokerStars Hand #259899080628: Tournament #3979068754, $0.90+$0.10 USD Hold'em No Limit - Level IX (200/400) - 2026/02/28 0:31:39 BRT [2026/02/27 22:31:39 ET]
Table '3979068754 1' 8-max Seat #4 is the button
Seat 1: villain13 (3363 in chips) 
Seat 4: villain8 (9325 in chips) 
Seat 5: villain4 (3130 in chips) 
Seat 7: villain17 (2882 in chips) 
Seat 8: GuiRodri2013 (3976 in chips) 
villain13: posts the ante 50
villain8: posts the ante 50
villain4: posts the ante 50
villain17: posts the ante 50
GuiRodri2013: posts the ante 50
villain4: posts small blind 200
villain17: posts big blind 400
*** HOLE CARDS ***
Dealt to GuiRodri2013 [Kd 6h]
GuiRodri2013: folds 
villain13: folds 
villain8: raises 400 to 800
villain4: folds 
villain11 is disconnected 
villain17: calls 400
*** FLOP *** [Tc 2c 7h]
villain3 is disconnected 
villain17: checks 
villain8: bets 1025
villain17: folds 
Uncalled bet (1025) returned to villain8
villain8 collected 2050 from pot
villain8: doesn't show hand 
*** SUMMARY ***
Total pot 2050 | Rake 0 
Board [Tc 2c 7h]
Seat 1: villain13 folded before Flop (didn't bet)
Seat 4: villain8 (button) collected (2050)
Seat 5: villain4 (small blind) folded before Flop
Seat 7: villain17 (big blind) folded on the Flop
Seat 8: GuiRodri2013 folded before Flop (didn't bet)



PokerStars Hand #259899084535: Tournament #3979068754, $0.90+$0.10 USD Hold'em No Limit - Level IX (200/400) - 2026/02/28 0:32:13 BRT [2026/02/27 22:32:13 ET]
Table '3979068754 1' 8-max Seat #5 is the button
Seat 1: villain13 (3313 in chips) 
Seat 2: villain3 (10281 in chips) 
Seat 3: villain11 (5170 in chips) 
Seat 4: villain8 (10525 in chips) 
Seat 5: villain4 (2880 in chips) 
Seat 6: villain16 (9873 in chips) out of hand (moved from another table into small blind)
Seat 7: villain17 (2032 in chips) 
Seat 8: GuiRodri2013 (3926 in chips) 
villain16 will be allowed to play after the button
villain13: posts the ante 50
villain3: posts the ante 50
villain11: posts the ante 50
villain8: posts the ante 50
villain4: posts the ante 50
villain17: posts the ante 50
GuiRodri2013: posts the ante 50
villain17: posts small blind 200
GuiRodri2013: posts big blind 400
*** HOLE CARDS ***
Dealt to GuiRodri2013 [Ks 6d]
villain13: folds 
villain3: folds 
villain11: raises 400 to 800
villain8: folds 
villain4: folds 
villain17: calls 600
GuiRodri2013: folds 
*** FLOP *** [5c Kh Qh]
villain17: checks 
villain11: checks 
*** TURN *** [5c Kh Qh] [6c]
villain17: bets 400
villain11: calls 400
*** RIVER *** [5c Kh Qh 6c] [2h]
villain17: bets 400
villain11: calls 400
*** SHOW DOWN ***
villain17: shows [9d Qc] (a pair of Queens)
villain11: mucks hand 
villain17 collected 3950 from pot
*** SUMMARY ***
Total pot 3950 | Rake 0 
Board [5c Kh Qh 6c 2h]
Seat 1: villain13 folded before Flop (didn't bet)
Seat 2: villain3 folded before Flop (didn't bet)
Seat 3: villain11 mucked [6s Ac]
Seat 4: villain8 folded before Flop (didn't bet)
Seat 5: villain4 (button) folded before Flop (didn't bet)
Seat 7: villain17 (small blind) showed [9d Qc] and won (3950) with a pair of Queens
Seat 8: GuiRodri2013 (big blind) folded before Flop



PokerStars Hand #259899090006: Tournament #3979068754, $0.90+$0.10 USD Hold'em No Limit - Level IX (200/400) - 2026/02/28 0:33:01 BRT [2026/02/27 22:33:01 ET]
Table '3979068754 1' 8-max Seat #7 is the button
Seat 1: villain13 (3263 in chips) 
Seat 2: villain3 (10231 in chips) 
Seat 3: villain11 (3520 in chips) 
Seat 4: villain8 (10475 in chips) 
Seat 5: villain4 (2830 in chips) 
Seat 6: villain16 (9873 in chips) 
Seat 7: villain17 (4332 in chips) 
Seat 8: GuiRodri2013 (3476 in chips) 
villain13: posts the ante 50
villain3: posts the ante 50
villain11: posts the ante 50
villain8: posts the ante 50
villain4: posts the ante 50
villain16: posts the ante 50
villain17: posts the ante 50
GuiRodri2013: posts the ante 50
GuiRodri2013: posts small blind 200
villain13: posts big blind 400
*** HOLE CARDS ***
Dealt to GuiRodri2013 [8d Tc]
villain3: folds 
villain11: folds 
villain8: folds 
villain4: folds 
villain16: folds 
villain17: folds 
GuiRodri2013: folds 
Uncalled bet (200) returned to villain13
villain13 collected 800 from pot
villain13: doesn't show hand 
*** SUMMARY ***
Total pot 800 | Rake 0 
Seat 1: villain13 (big blind) collected (800)
Seat 2: villain3 folded before Flop (didn't bet)
Seat 3: villain11 folded before Flop (didn't bet)
Seat 4: villain8 folded before Flop (didn't bet)
Seat 5: villain4 folded before Flop (didn't bet)
Seat 6: villain16 folded before Flop (didn't bet)
Seat 7: villain17 (button) folded before Flop (didn't bet)
Seat 8: GuiRodri2013 (small blind) folded before Flop



PokerStars Hand #259899092478: Tournament #3979068754, $0.90+$0.10 USD Hold'em No Limit - Level IX (200/400) - 2026/02/28 0:33:23 BRT [2026/02/27 22:33:23 ET]
Table '3979068754 1' 8-max Seat #8 is the button
Seat 1: villain13 (3813 in chips) 
Seat 2: villain3 (10181 in chips) 
Seat 3: villain11 (3470 in chips) 
Seat 4: villain8 (10425 in chips) 
Seat 5: villain4 (2780 in chips) 
Seat 6: villain16 (9823 in chips) 
Seat 7: villain17 (4282 in chips) 
Seat 8: GuiRodri2013 (3226 in chips) 
villain13: posts the ante 50
villain3: posts the ante 50
villain11: posts the ante 50
villain8: posts the ante 50
villain4: posts the ante 50
villain16: posts the ante 50
villain17: posts the ante 50
GuiRodri2013: posts the ante 50
villain13: posts small blind 200
villain3: posts big blind 400
*** HOLE CARDS ***
Dealt to GuiRodri2013 [As 8s]
villain11: folds 
villain8: raises 400 to 800
villain4: folds 
villain16: folds 
villain17: folds 
GuiRodri2013: calls 800
villain13: folds 
villain3: calls 400
*** FLOP *** [3d 8h Kc]
villain3: checks 
villain8: checks 
GuiRodri2013: checks 
*** TURN *** [3d 8h Kc] [3c]
villain3: checks 
villain8: bets 750
GuiRodri2013: calls 750
villain3: folds 
*** RIVER *** [3d 8h Kc 3c] [7h]
villain8: checks 
GuiRodri2013: checks 
*** SHOW DOWN ***
villain8: shows [Th Qh] (a pair of Threes)
GuiRodri2013: shows [As 8s] (two pair, Eights and Threes)
GuiRodri2013 collected 4500 from pot
*** SUMMARY ***
Total pot 4500 | Rake 0 
Board [3d 8h Kc 3c 7h]
Seat 1: villain13 (small blind) folded before Flop
Seat 2: villain3 (big blind) folded on the Turn
Seat 3: villain11 folded before Flop (didn't bet)
Seat 4: villain8 showed [Th Qh] and lost with a pair of Threes
Seat 5: villain4 folded before Flop (didn't bet)
Seat 6: villain16 folded before Flop (didn't bet)
Seat 7: villain17 folded before Flop (didn't bet)
Seat 8: GuiRodri2013 (button) showed [As 8s] and won (4500) with two pair, Eights and Threes



PokerStars Hand #259899099248: Tournament #3979068754, $0.90+$0.10 USD Hold'em No Limit - Level IX (200/400) - 2026/02/28 0:34:23 BRT [2026/02/27 22:34:23 ET]
Table '3979068754 1' 8-max Seat #1 is the button
Seat 1: villain13 (3563 in chips) 
Seat 2: villain3 (9331 in chips) 
Seat 3: villain11 (3420 in chips) 
Seat 4: villain8 (8825 in chips) 
Seat 5: villain4 (2730 in chips) 
Seat 6: villain16 (9773 in chips) 
Seat 7: villain17 (4232 in chips) 
Seat 8: GuiRodri2013 (6126 in chips) 
villain13: posts the ante 50
villain3: posts the ante 50
villain11: posts the ante 50
villain8: posts the ante 50
villain4: posts the ante 50
villain16: posts the ante 50
villain17: posts the ante 50
GuiRodri2013: posts the ante 50
villain3: posts small blind 200
villain11: posts big blind 400
*** HOLE CARDS ***
Dealt to GuiRodri2013 [Tc 9c]
villain8: folds 
villain4: folds 
villain16: folds 
villain17: raises 400 to 800
GuiRodri2013: folds 
villain13: folds 
villain3: folds 
villain11: calls 400
*** FLOP *** [5c 7d 3c]
villain11: checks 
villain17: bets 1200
villain11: folds 
Uncalled bet (1200) returned to villain17
villain17 collected 2200 from pot
*** SUMMARY ***
Total pot 2200 | Rake 0 
Board [5c 7d 3c]
Seat 1: villain13 (button) folded before Flop (didn't bet)
Seat 2: villain3 (small blind) folded before Flop
Seat 3: villain11 (big blind) folded on the Flop
Seat 4: villain8 folded before Flop (didn't bet)
Seat 5: villain4 folded before Flop (didn't bet)
Seat 6: villain16 folded before Flop (didn't bet)
Seat 7: villain17 collected (2200)
Seat 8: GuiRodri2013 folded before Flop (didn't bet)



PokerStars Hand #259899103220: Tournament #3979068754, $0.90+$0.10 USD Hold'em No Limit - Level X (300/600) - 2026/02/28 0:34:58 BRT [2026/02/27 22:34:58 ET]
Table '3979068754 1' 8-max Seat #2 is the button
Seat 1: villain13 (3513 in chips) 
Seat 2: villain3 (9081 in chips) 
Seat 3: villain11 (2570 in chips) 
Seat 4: villain8 (8775 in chips) 
Seat 5: villain4 (2680 in chips) 
Seat 6: villain16 (9723 in chips) 
Seat 7: villain17 (5582 in chips) 
Seat 8: GuiRodri2013 (6076 in chips) 
villain13: posts the ante 75
villain3: posts the ante 75
villain11: posts the ante 75
villain8: posts the ante 75
villain4: posts the ante 75
villain16: posts the ante 75
villain17: posts the ante 75
GuiRodri2013: posts the ante 75
villain11: posts small blind 300
villain8: posts big blind 600
*** HOLE CARDS ***
Dealt to GuiRodri2013 [Td Ac]
villain4: calls 600
villain16: folds 
villain17: calls 600
GuiRodri2013: folds 
villain13: folds 
villain3: raises 2400 to 3000
villain11: folds 
villain8: folds 
villain4: folds 
villain17: folds 
Uncalled bet (2400) returned to villain3
villain3 collected 3300 from pot
villain3: doesn't show hand 
*** SUMMARY ***
Total pot 3300 | Rake 0 
Seat 1: villain13 folded before Flop (didn't bet)
Seat 2: villain3 (button) collected (3300)
Seat 3: villain11 (small blind) folded before Flop
Seat 4: villain8 (big blind) folded before Flop
Seat 5: villain4 folded before Flop
Seat 6: villain16 folded before Flop (didn't bet)
Seat 7: villain17 folded before Flop
Seat 8: GuiRodri2013 folded before Flop (didn't bet)



PokerStars Hand #259899108007: Tournament #3979068754, $0.90+$0.10 USD Hold'em No Limit - Level X (300/600) - 2026/02/28 0:35:42 BRT [2026/02/27 22:35:42 ET]
Table '3979068754 1' 8-max Seat #3 is the button
Seat 1: villain13 (3438 in chips) 
Seat 2: villain3 (11706 in chips) 
Seat 3: villain11 (2195 in chips) 
Seat 4: villain8 (8100 in chips) 
Seat 5: villain4 (2005 in chips) 
Seat 6: villain16 (9648 in chips) 
Seat 7: villain17 (4907 in chips) 
Seat 8: GuiRodri2013 (6001 in chips) 
villain13: posts the ante 75
villain3: posts the ante 75
villain11: posts the ante 75
villain8: posts the ante 75
villain4: posts the ante 75
villain16: posts the ante 75
villain17: posts the ante 75
GuiRodri2013: posts the ante 75
villain8: posts small blind 300
villain4: posts big blind 600
*** HOLE CARDS ***
Dealt to GuiRodri2013 [Kd Jc]
villain16: folds 
villain17: folds 
GuiRodri2013: raises 600 to 1200
villain13: folds 
villain3: folds 
villain11: folds 
villain8: folds 
villain4: folds 
Uncalled bet (600) returned to GuiRodri2013
GuiRodri2013 collected 2100 from pot
GuiRodri2013: doesn't show hand 
*** SUMMARY ***
Total pot 2100 | Rake 0 
Seat 1: villain13 folded before Flop (didn't bet)
Seat 2: villain3 folded before Flop (didn't bet)
Seat 3: villain11 (button) folded before Flop (didn't bet)
Seat 4: villain8 (small blind) folded before Flop
Seat 5: villain4 (big blind) folded before Flop
Seat 6: villain16 folded before Flop (didn't bet)
Seat 7: villain17 folded before Flop (didn't bet)
Seat 8: GuiRodri2013 collected (2100)



PokerStars Hand #259899109974: Tournament #3979068754, $0.90+$0.10 USD Hold'em No Limit - Level X (300/600) - 2026/02/28 0:35:59 BRT [2026/02/27 22:35:59 ET]
Table '3979068754 1' 8-max Seat #4 is the button
Seat 1: villain13 (3363 in chips) 
Seat 2: villain3 (11631 in chips) 
Seat 3: villain11 (2120 in chips) 
Seat 4: villain8 (7725 in chips) 
Seat 5: villain4 (1330 in chips) 
Seat 6: villain16 (9573 in chips) 
Seat 7: villain17 (4832 in chips) 
Seat 8: GuiRodri2013 (7426 in chips) 
villain13: posts the ante 75
villain3: posts the ante 75
villain11: posts the ante 75
villain8: posts the ante 75
villain4: posts the ante 75
villain16: posts the ante 75
villain17: posts the ante 75
GuiRodri2013: posts the ante 75
villain4: posts small blind 300
villain16: posts big blind 600
*** HOLE CARDS ***
Dealt to GuiRodri2013 [7s 4h]
villain17: calls 600
GuiRodri2013: folds 
villain13: raises 2688 to 3288 and is all-in
villain3: folds 
villain11: folds 
villain8: raises 4362 to 7650 and is all-in
villain4: calls 955 and is all-in
villain16: folds 
villain17: folds 
Uncalled bet (4362) returned to villain8
*** FLOP *** [2d 3c 9d]
*** TURN *** [2d 3c 9d] [3h]
*** RIVER *** [2d 3c 9d 3h] [Jh]
*** SHOW DOWN ***
villain13: shows [Tc 9c] (two pair, Nines and Threes)
villain8: shows [Ad Td] (a pair of Threes)
villain13 collected 4066 from side pot
villain4: shows [9h Qd] (two pair, Nines and Threes - Queen kicker)
villain4 collected 5565 from main pot
*** SUMMARY ***
Total pot 9631 Main pot 5565. Side pot 4066. | Rake 0 
Board [2d 3c 9d 3h Jh]
Seat 1: villain13 showed [Tc 9c] and won (4066) with two pair, Nines and Threes
Seat 2: villain3 folded before Flop (didn't bet)
Seat 3: villain11 folded before Flop (didn't bet)
Seat 4: villain8 (button) showed [Ad Td] and lost with a pair of Threes
Seat 5: villain4 (small blind) showed [9h Qd] and won (5565) with two pair, Nines and Threes
Seat 6: villain16 (big blind) folded before Flop
Seat 7: villain17 folded before Flop
Seat 8: GuiRodri2013 folded before Flop (didn't bet)



PokerStars Hand #259899114674: Tournament #3979068754, $0.90+$0.10 USD Hold'em No Limit - Level X (300/600) - 2026/02/28 0:36:41 BRT [2026/02/27 22:36:41 ET]
Table '3979068754 1' 8-max Seat #5 is the button
Seat 1: villain13 (4066 in chips) 
Seat 2: villain3 (11556 in chips) 
Seat 3: villain11 (2045 in chips) 
Seat 4: villain8 (4362 in chips) 
Seat 5: villain4 (5565 in chips) 
Seat 6: villain16 (8898 in chips) 
Seat 7: villain17 (4157 in chips) 
Seat 8: GuiRodri2013 (7351 in chips) 
villain13: posts the ante 75
villain3: posts the ante 75
villain11: posts the ante 75
villain8: posts the ante 75
villain4: posts the ante 75
villain16: posts the ante 75
villain17: posts the ante 75
GuiRodri2013: posts the ante 75
villain16: posts small blind 300
villain17: posts big blind 600
*** HOLE CARDS ***
Dealt to GuiRodri2013 [Kh Js]
GuiRodri2013: folds 
villain13: raises 3391 to 3991 and is all-in
villain3: folds 
villain11: folds 
villain8: folds 
villain4: folds 
villain16: folds 
villain17: folds 
Uncalled bet (3391) returned to villain13
villain13 collected 2100 from pot
villain13: doesn't show hand 
*** SUMMARY ***
Total pot 2100 | Rake 0 
Seat 1: villain13 collected (2100)
Seat 2: villain3 folded before Flop (didn't bet)
Seat 3: villain11 folded before Flop (didn't bet)
Seat 4: villain8 folded before Flop (didn't bet)
Seat 5: villain4 (button) folded before Flop (didn't bet)
Seat 6: villain16 (small blind) folded before Flop
Seat 7: villain17 (big blind) folded before Flop
Seat 8: GuiRodri2013 folded before Flop (didn't bet)



PokerStars Hand #259899116842: Tournament #3979068754, $0.90+$0.10 USD Hold'em No Limit - Level X (300/600) - 2026/02/28 0:37:00 BRT [2026/02/27 22:37:00 ET]
Table '3979068754 1' 8-max Seat #6 is the button
Seat 1: villain13 (5491 in chips) 
Seat 2: villain3 (11481 in chips) 
Seat 3: villain11 (1970 in chips) 
Seat 4: villain8 (4287 in chips) 
Seat 5: villain4 (5490 in chips) 
Seat 6: villain16 (8523 in chips) 
Seat 7: villain17 (3482 in chips) 
Seat 8: GuiRodri2013 (7276 in chips) 
villain13: posts the ante 75
villain3: posts the ante 75
villain11: posts the ante 75
villain8: posts the ante 75
villain4: posts the ante 75
villain16: posts the ante 75
villain17: posts the ante 75
GuiRodri2013: posts the ante 75
villain17: posts small blind 300
GuiRodri2013: posts big blind 600
*** HOLE CARDS ***
Dealt to GuiRodri2013 [3d 2c]
villain13: folds 
villain3: raises 600 to 1200
villain11: folds 
villain8: folds 
villain4: folds 
villain16: folds 
villain17: folds 
GuiRodri2013: folds 
Uncalled bet (600) returned to villain3
villain3 collected 2100 from pot
villain3: doesn't show hand 
*** SUMMARY ***
Total pot 2100 | Rake 0 
Seat 1: villain13 folded before Flop (didn't bet)
Seat 2: villain3 collected (2100)
Seat 3: villain11 folded before Flop (didn't bet)
Seat 4: villain8 folded before Flop (didn't bet)
Seat 5: villain4 folded before Flop (didn't bet)
Seat 6: villain16 (button) folded before Flop (didn't bet)
Seat 7: villain17 (small blind) folded before Flop
Seat 8: GuiRodri2013 (big blind) folded before Flop



PokerStars Hand #259899119039: Tournament #3979068754, $0.90+$0.10 USD Hold'em No Limit - Level X (300/600) - 2026/02/28 0:37:20 BRT [2026/02/27 22:37:20 ET]
Table '3979068754 1' 8-max Seat #7 is the button
Seat 1: villain13 (5416 in chips) 
Seat 2: villain3 (12906 in chips) 
Seat 3: villain11 (1895 in chips) 
Seat 4: villain8 (4212 in chips) 
Seat 5: villain4 (5415 in chips) 
Seat 6: villain16 (8448 in chips) 
Seat 7: villain17 (3107 in chips) 
Seat 8: GuiRodri2013 (6601 in chips) 
villain13: posts the ante 75
villain3: posts the ante 75
villain11: posts the ante 75
villain8: posts the ante 75
villain4: posts the ante 75
villain16: posts the ante 75
villain17: posts the ante 75
GuiRodri2013: posts the ante 75
GuiRodri2013: posts small blind 300
villain13: posts big blind 600
*** HOLE CARDS ***
Dealt to GuiRodri2013 [Ah Qd]
villain3: folds 
villain11: folds 
villain8: raises 3537 to 4137 and is all-in
villain4: folds 
villain16: folds 
villain17: calls 3032 and is all-in
GuiRodri2013: folds 
villain13: folds 
Uncalled bet (1105) returned to villain8
*** FLOP *** [Jh 9d 3c]
*** TURN *** [Jh 9d 3c] [Th]
*** RIVER *** [Jh 9d 3c Th] [4c]
*** SHOW DOWN ***
villain8: shows [As 3s] (a pair of Threes)
villain17: shows [6d 6s] (a pair of Sixes)
villain17 collected 7564 from pot
*** SUMMARY ***
Total pot 7564 | Rake 0 
Board [Jh 9d 3c Th 4c]
Seat 1: villain13 (big blind) folded before Flop
Seat 2: villain3 folded before Flop (didn't bet)
Seat 3: villain11 folded before Flop (didn't bet)
Seat 4: villain8 showed [As 3s] and lost with a pair of Threes
Seat 5: villain4 folded before Flop (didn't bet)
Seat 6: villain16 folded before Flop (didn't bet)
Seat 7: villain17 (button) showed [6d 6s] and won (7564) with a pair of Sixes
Seat 8: GuiRodri2013 (small blind) folded before Flop



PokerStars Hand #259899122869: Tournament #3979068754, $0.90+$0.10 USD Hold'em No Limit - Level X (300/600) - 2026/02/28 0:37:54 BRT [2026/02/27 22:37:54 ET]
Table '3979068754 1' 8-max Seat #8 is the button
Seat 1: villain13 (4741 in chips) 
Seat 2: villain3 (12831 in chips) 
Seat 3: villain11 (1820 in chips) 
Seat 4: villain8 (1105 in chips) 
Seat 5: villain4 (5340 in chips) 
Seat 6: villain16 (8373 in chips) 
Seat 7: villain17 (7564 in chips) 
Seat 8: GuiRodri2013 (6226 in chips) 
villain13: posts the ante 75
villain3: posts the ante 75
villain11: posts the ante 75
villain8: posts the ante 75
villain4: posts the ante 75
villain16: posts the ante 75
villain17: posts the ante 75
GuiRodri2013: posts the ante 75
villain13: posts small blind 300
villain3: posts big blind 600
*** HOLE CARDS ***
Dealt to GuiRodri2013 [Ad Tc]
villain11: raises 1145 to 1745 and is all-in
villain8: calls 1030 and is all-in
villain4: folds 
villain16: folds 
villain17: folds 
GuiRodri2013: folds 
villain13: folds 
villain3: calls 1145
*** FLOP *** [Kh 8s 4d]
*** TURN *** [Kh 8s 4d] [7d]
*** RIVER *** [Kh 8s 4d 7d] [Ks]
*** SHOW DOWN ***
villain3: shows [Ah 7h] (two pair, Kings and Sevens)
villain11: shows [Kc Td] (three of a kind, Kings)
villain11 collected 1430 from side pot
villain8: shows [9s 3s] (a pair of Kings)
villain11 collected 3990 from main pot
villain8 finished the tournament in 8th place
*** SUMMARY ***
Total pot 5420 Main pot 3990. Side pot 1430. | Rake 0 
Board [Kh 8s 4d 7d Ks]
Seat 1: villain13 (small blind) folded before Flop
Seat 2: villain3 (big blind) showed [Ah 7h] and lost with two pair, Kings and Sevens
Seat 3: villain11 showed [Kc Td] and won (5420) with three of a kind, Kings
Seat 4: villain8 showed [9s 3s] and lost with a pair of Kings
Seat 5: villain4 folded before Flop (didn't bet)
Seat 6: villain16 folded before Flop (didn't bet)
Seat 7: villain17 folded before Flop (didn't bet)
Seat 8: GuiRodri2013 (button) folded before Flop (didn't bet)



PokerStars Hand #259899126251: Tournament #3979068754, $0.90+$0.10 USD Hold'em No Limit - Level X (300/600) - 2026/02/28 0:38:25 BRT [2026/02/27 22:38:25 ET]
Table '3979068754 1' 8-max Seat #1 is the button
Seat 1: villain13 (4366 in chips) 
Seat 2: villain3 (11011 in chips) 
Seat 3: villain11 (5420 in chips) 
Seat 5: villain4 (5265 in chips) 
Seat 6: villain16 (8298 in chips) 
Seat 7: villain17 (7489 in chips) 
Seat 8: GuiRodri2013 (6151 in chips) 
villain13: posts the ante 75
villain3: posts the ante 75
villain11: posts the ante 75
villain4: posts the ante 75
villain16: posts the ante 75
villain17: posts the ante 75
GuiRodri2013: posts the ante 75
villain3: posts small blind 300
villain11: posts big blind 600
*** HOLE CARDS ***
Dealt to GuiRodri2013 [5s 5c]
villain4: calls 600
villain16: folds 
villain17: folds 
GuiRodri2013: raises 600 to 1200
villain13: folds 
villain3: folds 
villain11: folds 
villain4: calls 600
*** FLOP *** [2h 6c 5d]
villain4: checks 
GuiRodri2013: bets 1200
villain4: folds 
Uncalled bet (1200) returned to GuiRodri2013
GuiRodri2013 collected 3825 from pot
GuiRodri2013: doesn't show hand 
*** SUMMARY ***
Total pot 3825 | Rake 0 
Board [2h 6c 5d]
Seat 1: villain13 (button) folded before Flop (didn't bet)
Seat 2: villain3 (small blind) folded before Flop
Seat 3: villain11 (big blind) folded before Flop
Seat 5: villain4 folded on the Flop
Seat 6: villain16 folded before Flop (didn't bet)
Seat 7: villain17 folded before Flop (didn't bet)
Seat 8: GuiRodri2013 collected (3825)



PokerStars Hand #259899129206: Tournament #3979068754, $0.90+$0.10 USD Hold'em No Limit - Level X (300/600) - 2026/02/28 0:38:52 BRT [2026/02/27 22:38:52 ET]
Table '3979068754 1' 8-max Seat #2 is the button
Seat 1: villain13 (4291 in chips) 
Seat 2: villain3 (10636 in chips) 
Seat 3: villain11 (4745 in chips) 
Seat 5: villain4 (3990 in chips) 
Seat 6: villain16 (8223 in chips) 
Seat 7: villain17 (7414 in chips) 
Seat 8: GuiRodri2013 (8701 in chips) 
villain13: posts the ante 75
villain3: posts the ante 75
villain11: posts the ante 75
villain4: posts the ante 75
villain16: posts the ante 75
villain17: posts the ante 75
GuiRodri2013: posts the ante 75
villain11: posts small blind 300
villain4: posts big blind 600
*** HOLE CARDS ***
Dealt to GuiRodri2013 [4c 2h]
villain16: folds 
villain17: calls 600
GuiRodri2013: folds 
villain13: folds 
villain3: folds 
villain11: raises 600 to 1200
villain4: folds 
villain17: calls 600
*** FLOP *** [8c 6c 8h]
villain11: checks 
villain17: checks 
*** TURN *** [8c 6c 8h] [Ad]
villain11: bets 600
villain17: folds 
Uncalled bet (600) returned to villain11
villain11 collected 3525 from pot
villain11: doesn't show hand 
*** SUMMARY ***
Total pot 3525 | Rake 0 
Board [8c 6c 8h Ad]
Seat 1: villain13 folded before Flop (didn't bet)
Seat 2: villain3 (button) folded before Flop (didn't bet)
Seat 3: villain11 (small blind) collected (3525)
Seat 5: villain4 (big blind) folded before Flop
Seat 6: villain16 folded before Flop (didn't bet)
Seat 7: villain17 folded on the Turn
Seat 8: GuiRodri2013 folded before Flop (didn't bet)



PokerStars Hand #259899135774: Tournament #3979068754, $0.90+$0.10 USD Hold'em No Limit - Level XI (400/800) - 2026/02/28 0:39:52 BRT [2026/02/27 22:39:52 ET]
Table '3979068754 1' 8-max Seat #3 is the button
Seat 1: villain13 (4216 in chips) 
Seat 2: villain3 (10561 in chips) 
Seat 3: villain11 (6995 in chips) 
Seat 5: villain4 (3315 in chips) 
Seat 6: villain16 (8148 in chips) 
Seat 7: villain17 (6139 in chips) 
Seat 8: GuiRodri2013 (8626 in chips) 
villain13: posts the ante 100
villain3: posts the ante 100
villain11: posts the ante 100
villain4: posts the ante 100
villain16: posts the ante 100
villain17: posts the ante 100
GuiRodri2013: posts the ante 100
villain4: posts small blind 400
villain16: posts big blind 800
*** HOLE CARDS ***
Dealt to GuiRodri2013 [Td Jc]
villain17: folds 
GuiRodri2013: folds 
villain13: folds 
villain3: raises 800 to 1600
villain11: folds 
villain4: folds 
villain16: folds 
Uncalled bet (800) returned to villain3
villain3 collected 2700 from pot
villain3: doesn't show hand 
*** SUMMARY ***
Total pot 2700 | Rake 0 
Seat 1: villain13 folded before Flop (didn't bet)
Seat 2: villain3 collected (2700)
Seat 3: villain11 (button) folded before Flop (didn't bet)
Seat 5: villain4 (small blind) folded before Flop
Seat 6: villain16 (big blind) folded before Flop
Seat 7: villain17 folded before Flop (didn't bet)
Seat 8: GuiRodri2013 folded before Flop (didn't bet)



PokerStars Hand #259899137721: Tournament #3979068754, $0.90+$0.10 USD Hold'em No Limit - Level XI (400/800) - 2026/02/28 0:40:10 BRT [2026/02/27 22:40:10 ET]
Table '3979068754 1' 8-max Seat #5 is the button
Seat 1: villain13 (4116 in chips) 
Seat 2: villain3 (12361 in chips) 
Seat 3: villain11 (6895 in chips) 
Seat 5: villain4 (2815 in chips) 
Seat 6: villain16 (7248 in chips) 
Seat 7: villain17 (6039 in chips) 
Seat 8: GuiRodri2013 (8526 in chips) 
villain13: posts the ante 100
villain3: posts the ante 100
villain11: posts the ante 100
villain4: posts the ante 100
villain16: posts the ante 100
villain17: posts the ante 100
GuiRodri2013: posts the ante 100
villain16: posts small blind 400
villain17: posts big blind 800
*** HOLE CARDS ***
Dealt to GuiRodri2013 [Jc 6s]
GuiRodri2013: folds 
villain13: raises 3216 to 4016 and is all-in
villain3: folds 
villain11: folds 
villain4: folds 
villain16: folds 
villain17: folds 
Uncalled bet (3216) returned to villain13
villain13 collected 2700 from pot
villain13: doesn't show hand 
*** SUMMARY ***
Total pot 2700 | Rake 0 
Seat 1: villain13 collected (2700)
Seat 2: villain3 folded before Flop (didn't bet)
Seat 3: villain11 folded before Flop (didn't bet)
Seat 5: villain4 (button) folded before Flop (didn't bet)
Seat 6: villain16 (small blind) folded before Flop
Seat 7: villain17 (big blind) folded before Flop
Seat 8: GuiRodri2013 folded before Flop (didn't bet)



PokerStars Hand #259899140253: Tournament #3979068754, $0.90+$0.10 USD Hold'em No Limit - Level XI (400/800) - 2026/02/28 0:40:33 BRT [2026/02/27 22:40:33 ET]
Table '3979068754 1' 8-max Seat #6 is the button
Seat 1: villain13 (5916 in chips) 
Seat 2: villain3 (12261 in chips) 
Seat 3: villain11 (6795 in chips) 
Seat 5: villain4 (2715 in chips) 
Seat 6: villain16 (6748 in chips) 
Seat 7: villain17 (5139 in chips) 
Seat 8: GuiRodri2013 (8426 in chips) 
villain13: posts the ante 100
villain3: posts the ante 100
villain11: posts the ante 100
villain4: posts the ante 100
villain16: posts the ante 100
villain17: posts the ante 100
GuiRodri2013: posts the ante 100
villain17: posts small blind 400
GuiRodri2013: posts big blind 800
*** HOLE CARDS ***
Dealt to GuiRodri2013 [Ac 9c]
villain13: raises 5016 to 5816 and is all-in
villain3: folds 
villain11: folds 
villain4: folds 
villain16: folds 
villain17: folds 
GuiRodri2013: folds 
Uncalled bet (5016) returned to villain13
villain13 collected 2700 from pot
villain13: doesn't show hand 
*** SUMMARY ***
Total pot 2700 | Rake 0 
Seat 1: villain13 collected (2700)
Seat 2: villain3 folded before Flop (didn't bet)
Seat 3: villain11 folded before Flop (didn't bet)
Seat 5: villain4 folded before Flop (didn't bet)
Seat 6: villain16 (button) folded before Flop (didn't bet)
Seat 7: villain17 (small blind) folded before Flop
Seat 8: GuiRodri2013 (big blind) folded before Flop



PokerStars Hand #259899141614: Tournament #3979068754, $0.90+$0.10 USD Hold'em No Limit - Level XI (400/800) - 2026/02/28 0:40:46 BRT [2026/02/27 22:40:46 ET]
Table '3979068754 1' 8-max Seat #7 is the button
Seat 1: villain13 (7716 in chips) 
Seat 2: villain3 (12161 in chips) 
Seat 3: villain11 (6695 in chips) 
Seat 5: villain4 (2615 in chips) 
Seat 6: villain16 (6648 in chips) 
Seat 7: villain17 (4639 in chips) 
Seat 8: GuiRodri2013 (7526 in chips) 
villain13: posts the ante 100
villain3: posts the ante 100
villain11: posts the ante 100
villain4: posts the ante 100
villain16: posts the ante 100
villain17: posts the ante 100
GuiRodri2013: posts the ante 100
GuiRodri2013: posts small blind 400
villain13: posts big blind 800
*** HOLE CARDS ***
Dealt to GuiRodri2013 [4s 8c]
villain3: folds 
villain11: folds 
villain4: raises 1715 to 2515 and is all-in
villain16: folds 
villain17: folds 
GuiRodri2013: folds 
villain13: folds 
Uncalled bet (1715) returned to villain4
villain4 collected 2700 from pot
villain4: doesn't show hand 
*** SUMMARY ***
Total pot 2700 | Rake 0 
Seat 1: villain13 (big blind) folded before Flop
Seat 2: villain3 folded before Flop (didn't bet)
Seat 3: villain11 folded before Flop (didn't bet)
Seat 5: villain4 collected (2700)
Seat 6: villain16 folded before Flop (didn't bet)
Seat 7: villain17 (button) folded before Flop (didn't bet)
Seat 8: GuiRodri2013 (small blind) folded before Flop



PokerStars Hand #259899143271: Tournament #3979068754, $0.90+$0.10 USD Hold'em No Limit - Level XI (400/800) - 2026/02/28 0:41:01 BRT [2026/02/27 22:41:01 ET]
Table '3979068754 1' 8-max Seat #8 is the button
Seat 1: villain13 (6816 in chips) 
Seat 2: villain3 (12061 in chips) 
Seat 3: villain11 (6595 in chips) 
Seat 5: villain4 (4415 in chips) 
Seat 6: villain16 (6548 in chips) 
Seat 7: villain17 (4539 in chips) 
Seat 8: GuiRodri2013 (7026 in chips) 
villain13: posts the ante 100
villain3: posts the ante 100
villain11: posts the ante 100
villain4: posts the ante 100
villain16: posts the ante 100
villain17: posts the ante 100
GuiRodri2013: posts the ante 100
villain13: posts small blind 400
villain3: posts big blind 800
*** HOLE CARDS ***
Dealt to GuiRodri2013 [7c 8d]
villain11: calls 800
villain4: folds 
villain16: folds 
villain17: calls 800
GuiRodri2013: folds 
villain13: calls 400
villain3: checks 
*** FLOP *** [7d Qs 5s]
villain13: checks 
villain3: checks 
villain11: checks 
villain17: bets 800
villain13: folds 
villain3: folds 
villain11: folds 
Uncalled bet (800) returned to villain17
villain17 collected 3900 from pot
*** SUMMARY ***
Total pot 3900 | Rake 0 
Board [7d Qs 5s]
Seat 1: villain13 (small blind) folded on the Flop
Seat 2: villain3 (big blind) folded on the Flop
Seat 3: villain11 folded on the Flop
Seat 5: villain4 folded before Flop (didn't bet)
Seat 6: villain16 folded before Flop (didn't bet)
Seat 7: villain17 collected (3900)
Seat 8: GuiRodri2013 (button) folded before Flop (didn't bet)



PokerStars Hand #259899148988: Tournament #3979068754, $0.90+$0.10 USD Hold'em No Limit - Level XI (400/800) - 2026/02/28 0:41:53 BRT [2026/02/27 22:41:53 ET]
Table '3979068754 1' 8-max Seat #1 is the button
Seat 1: villain13 (5916 in chips) 
Seat 2: villain3 (11161 in chips) 
Seat 3: villain11 (5695 in chips) 
Seat 5: villain4 (4315 in chips) 
Seat 6: villain16 (6448 in chips) 
Seat 7: villain17 (7539 in chips) 
Seat 8: GuiRodri2013 (6926 in chips) 
villain13: posts the ante 100
villain3: posts the ante 100
villain11: posts the ante 100
villain4: posts the ante 100
villain16: posts the ante 100
villain17: posts the ante 100
GuiRodri2013: posts the ante 100
villain3: posts small blind 400
villain11: posts big blind 800
*** HOLE CARDS ***
Dealt to GuiRodri2013 [4s 9h]
villain4: folds 
villain16: folds 
villain17: folds 
GuiRodri2013: folds 
villain13: raises 5016 to 5816 and is all-in
villain3: folds 
villain11: folds 
Uncalled bet (5016) returned to villain13
villain13 collected 2700 from pot
villain13: doesn't show hand 
*** SUMMARY ***
Total pot 2700 | Rake 0 
Seat 1: villain13 (button) collected (2700)
Seat 2: villain3 (small blind) folded before Flop
Seat 3: villain11 (big blind) folded before Flop
Seat 5: villain4 folded before Flop (didn't bet)
Seat 6: villain16 folded before Flop (didn't bet)
Seat 7: villain17 folded before Flop (didn't bet)
Seat 8: GuiRodri2013 folded before Flop (didn't bet)



PokerStars Hand #259899152202: Tournament #3979068754, $0.90+$0.10 USD Hold'em No Limit - Level XI (400/800) - 2026/02/28 0:42:22 BRT [2026/02/27 22:42:22 ET]
Table '3979068754 1' 8-max Seat #2 is the button
Seat 1: villain13 (7716 in chips) 
Seat 2: villain3 (10661 in chips) 
Seat 3: villain11 (4795 in chips) 
Seat 5: villain4 (4215 in chips) 
Seat 6: villain16 (6348 in chips) 
Seat 7: villain17 (7439 in chips) 
Seat 8: GuiRodri2013 (6826 in chips) 
villain13: posts the ante 100
villain3: posts the ante 100
villain11: posts the ante 100
villain4: posts the ante 100
villain16: posts the ante 100
villain17: posts the ante 100
GuiRodri2013: posts the ante 100
villain11: posts small blind 400
villain4: posts big blind 800
*** HOLE CARDS ***
Dealt to GuiRodri2013 [6d Kh]
villain16: folds 
villain17: raises 800 to 1600
GuiRodri2013: folds 
villain13: folds 
villain3: folds 
villain11: folds 
villain4: folds 
Uncalled bet (800) returned to villain17
villain17 collected 2700 from pot
*** SUMMARY ***
Total pot 2700 | Rake 0 
Seat 1: villain13 folded before Flop (didn't bet)
Seat 2: villain3 (button) folded before Flop (didn't bet)
Seat 3: villain11 (small blind) folded before Flop
Seat 5: villain4 (big blind) folded before Flop
Seat 6: villain16 folded before Flop (didn't bet)
Seat 7: villain17 collected (2700)
Seat 8: GuiRodri2013 folded before Flop (didn't bet)



PokerStars Hand #259899153859: Tournament #3979068754, $0.90+$0.10 USD Hold'em No Limit - Level XI (400/800) - 2026/02/28 0:42:38 BRT [2026/02/27 22:42:38 ET]
Table '3979068754 1' 8-max Seat #3 is the button
Seat 1: villain13 (7616 in chips) 
Seat 2: villain3 (10561 in chips) 
Seat 3: villain11 (4295 in chips) 
Seat 5: villain4 (3315 in chips) 
Seat 6: villain16 (6248 in chips) 
Seat 7: villain17 (9239 in chips) 
Seat 8: GuiRodri2013 (6726 in chips) 
villain13: posts the ante 100
villain3: posts the ante 100
villain11: posts the ante 100
villain4: posts the ante 100
villain16: posts the ante 100
villain17: posts the ante 100
GuiRodri2013: posts the ante 100
villain4: posts small blind 400
villain16: posts big blind 800
*** HOLE CARDS ***
Dealt to GuiRodri2013 [Tc 4d]
villain17 has timed out
villain17: folds 
villain17 is sitting out
GuiRodri2013: folds 
villain13: folds 
villain17 has returned
villain3: folds 
villain11: folds 
villain4: calls 400
villain16: checks 
*** FLOP *** [2c Ac Qd]
villain4: bets 2415 and is all-in
villain16: folds 
Uncalled bet (2415) returned to villain4
villain4 collected 2300 from pot
villain4: doesn't show hand 
*** SUMMARY ***
Total pot 2300 | Rake 0 
Board [2c Ac Qd]
Seat 1: villain13 folded before Flop (didn't bet)
Seat 2: villain3 folded before Flop (didn't bet)
Seat 3: villain11 (button) folded before Flop (didn't bet)
Seat 5: villain4 (small blind) collected (2300)
Seat 6: villain16 (big blind) folded on the Flop
Seat 7: villain17 folded before Flop (didn't bet)
Seat 8: GuiRodri2013 folded before Flop (didn't bet)



PokerStars Hand #259899157157: Tournament #3979068754, $0.90+$0.10 USD Hold'em No Limit - Level XI (400/800) - 2026/02/28 0:43:08 BRT [2026/02/27 22:43:08 ET]
Table '3979068754 1' 8-max Seat #5 is the button
Seat 1: villain13 (7516 in chips) 
Seat 2: villain3 (10461 in chips) 
Seat 3: villain11 (4195 in chips) 
Seat 5: villain4 (4715 in chips) 
Seat 6: villain16 (5348 in chips) 
Seat 7: villain17 (9139 in chips) 
Seat 8: GuiRodri2013 (6626 in chips) 
villain13: posts the ante 100
villain3: posts the ante 100
villain11: posts the ante 100
villain4: posts the ante 100
villain16: posts the ante 100
villain17: posts the ante 100
GuiRodri2013: posts the ante 100
villain16: posts small blind 400
villain17: posts big blind 800
*** HOLE CARDS ***
Dealt to GuiRodri2013 [5d 5s]
GuiRodri2013: folds 
villain13: folds 
villain3: raises 800 to 1600
villain11: folds 
villain4: folds 
villain16: calls 1200
villain17: folds 
*** FLOP *** [6c 3d 6d]
villain16: checks 
villain3: bets 1175
villain16: folds 
Uncalled bet (1175) returned to villain3
villain3 collected 4700 from pot
villain3: doesn't show hand 
*** SUMMARY ***
Total pot 4700 | Rake 0 
Board [6c 3d 6d]
Seat 1: villain13 folded before Flop (didn't bet)
Seat 2: villain3 collected (4700)
Seat 3: villain11 folded before Flop (didn't bet)
Seat 5: villain4 (button) folded before Flop (didn't bet)
Seat 6: villain16 (small blind) folded on the Flop
Seat 7: villain17 (big blind) folded before Flop
Seat 8: GuiRodri2013 folded before Flop (didn't bet)



PokerStars Hand #259899159947: Tournament #3979068754, $0.90+$0.10 USD Hold'em No Limit - Level XI (400/800) - 2026/02/28 0:43:34 BRT [2026/02/27 22:43:34 ET]
Table '3979068754 1' 8-max Seat #6 is the button
Seat 1: villain13 (7416 in chips) 
Seat 2: villain3 (13461 in chips) 
Seat 3: villain11 (4095 in chips) 
Seat 5: villain4 (4615 in chips) 
Seat 6: villain16 (3648 in chips) 
Seat 7: villain17 (8239 in chips) 
Seat 8: GuiRodri2013 (6526 in chips) 
villain13: posts the ante 100
villain3: posts the ante 100
villain11: posts the ante 100
villain4: posts the ante 100
villain16: posts the ante 100
villain17: posts the ante 100
GuiRodri2013: posts the ante 100
villain17: posts small blind 400
GuiRodri2013: posts big blind 800
*** HOLE CARDS ***
Dealt to GuiRodri2013 [2c Jd]
villain13: folds 
villain3: folds 
villain11: folds 
villain4: folds 
villain16: folds 
villain17: calls 400
GuiRodri2013: checks 
*** FLOP *** [3s Qh Tc]
villain17: bets 800
GuiRodri2013: folds 
Uncalled bet (800) returned to villain17
villain17 collected 2300 from pot
*** SUMMARY ***
Total pot 2300 | Rake 0 
Board [3s Qh Tc]
Seat 1: villain13 folded before Flop (didn't bet)
Seat 2: villain3 folded before Flop (didn't bet)
Seat 3: villain11 folded before Flop (didn't bet)
Seat 5: villain4 folded before Flop (didn't bet)
Seat 6: villain16 (button) folded before Flop (didn't bet)
Seat 7: villain17 (small blind) collected (2300)
Seat 8: GuiRodri2013 (big blind) folded on the Flop



PokerStars Hand #259899163345: Tournament #3979068754, $0.90+$0.10 USD Hold'em No Limit - Level XI (400/800) - 2026/02/28 0:44:06 BRT [2026/02/27 22:44:06 ET]
Table '3979068754 1' 8-max Seat #7 is the button
Seat 1: villain13 (7316 in chips) 
Seat 2: villain3 (13361 in chips) 
Seat 3: villain11 (3995 in chips) 
Seat 5: villain4 (4515 in chips) 
Seat 6: villain16 (3548 in chips) 
Seat 7: villain17 (9639 in chips) 
Seat 8: GuiRodri2013 (5626 in chips) 
villain13: posts the ante 100
villain3: posts the ante 100
villain11: posts the ante 100
villain4: posts the ante 100
villain16: posts the ante 100
villain17: posts the ante 100
GuiRodri2013: posts the ante 100
GuiRodri2013: posts small blind 400
villain13: posts big blind 800
*** HOLE CARDS ***
Dealt to GuiRodri2013 [9d Kd]
villain3: folds 
villain11: folds 
villain4: folds 
villain16: folds 
villain17: folds 
GuiRodri2013: raises 800 to 1600
villain13: raises 5616 to 7216 and is all-in
GuiRodri2013: calls 3926 and is all-in
Uncalled bet (1690) returned to villain13
*** FLOP *** [5d 4s Jd]
*** TURN *** [5d 4s Jd] [6c]
*** RIVER *** [5d 4s Jd 6c] [8d]
*** SHOW DOWN ***
GuiRodri2013: shows [9d Kd] (a flush, King high)
villain13: shows [7c Ad] (a straight, Four to Eight)
GuiRodri2013 collected 11752 from pot
*** SUMMARY ***
Total pot 11752 | Rake 0 
Board [5d 4s Jd 6c 8d]
Seat 1: villain13 (big blind) showed [7c Ad] and lost with a straight, Four to Eight
Seat 2: villain3 folded before Flop (didn't bet)
Seat 3: villain11 folded before Flop (didn't bet)
Seat 5: villain4 folded before Flop (didn't bet)
Seat 6: villain16 folded before Flop (didn't bet)
Seat 7: villain17 (button) folded before Flop (didn't bet)
Seat 8: GuiRodri2013 (small blind) showed [9d Kd] and won (11752) with a flush, King high



PokerStars Hand #259899166632: Tournament #3979068754, $0.90+$0.10 USD Hold'em No Limit - Level XI (400/800) - 2026/02/28 0:44:37 BRT [2026/02/27 22:44:37 ET]
Table '3979068754 1' 8-max Seat #8 is the button
Seat 1: villain13 (1690 in chips) 
Seat 2: villain3 (13261 in chips) 
Seat 3: villain11 (3895 in chips) 
Seat 5: villain4 (4415 in chips) 
Seat 6: villain16 (3448 in chips) 
Seat 7: villain17 (9539 in chips) 
Seat 8: GuiRodri2013 (11752 in chips) 
villain13: posts the ante 100
villain3: posts the ante 100
villain11: posts the ante 100
villain4: posts the ante 100
villain16: posts the ante 100
villain17: posts the ante 100
GuiRodri2013: posts the ante 100
villain13: posts small blind 400
villain3: posts big blind 800
*** HOLE CARDS ***
Dealt to GuiRodri2013 [6d 3s]
villain11: folds 
villain4: folds 
villain16: folds 
villain17: folds 
GuiRodri2013: folds 
villain13: raises 790 to 1590 and is all-in
villain3: calls 790
*** FLOP *** [2d Qh Td]
*** TURN *** [2d Qh Td] [8h]
*** RIVER *** [2d Qh Td 8h] [Th]
*** SHOW DOWN ***
villain13: shows [Ad 6h] (a pair of Tens)
villain3: shows [Jd Jc] (two pair, Jacks and Tens)
villain3 collected 3880 from pot
villain13 finished the tournament in 7th place
*** SUMMARY ***
Total pot 3880 | Rake 0 
Board [2d Qh Td 8h Th]
Seat 1: villain13 (small blind) showed [Ad 6h] and lost with a pair of Tens
Seat 2: villain3 (big blind) showed [Jd Jc] and won (3880) with two pair, Jacks and Tens
Seat 3: villain11 folded before Flop (didn't bet)
Seat 5: villain4 folded before Flop (didn't bet)
Seat 6: villain16 folded before Flop (didn't bet)
Seat 7: villain17 folded before Flop (didn't bet)
Seat 8: GuiRodri2013 (button) folded before Flop (didn't bet)



PokerStars Hand #259899170581: Tournament #3979068754, $0.90+$0.10 USD Hold'em No Limit - Level XII (500/1000) - 2026/02/28 0:45:13 BRT [2026/02/27 22:45:13 ET]
Table '3979068754 1' 8-max Seat #2 is the button
Seat 2: villain3 (15451 in chips) 
Seat 3: villain11 (3795 in chips) 
Seat 5: villain4 (4315 in chips) 
Seat 6: villain16 (3348 in chips) 
Seat 7: villain17 (9439 in chips) 
Seat 8: GuiRodri2013 (11652 in chips) 
villain3: posts the ante 125
villain11: posts the ante 125
villain4: posts the ante 125
villain16: posts the ante 125
villain17: posts the ante 125
GuiRodri2013: posts the ante 125
villain11: posts small blind 500
villain4: posts big blind 1000
*** HOLE CARDS ***
Dealt to GuiRodri2013 [5d 9h]
villain16: raises 2223 to 3223 and is all-in
villain17: folds 
GuiRodri2013: folds 
villain3: raises 12103 to 15326 and is all-in
villain11: folds 
villain4: folds 
Uncalled bet (12103) returned to villain3
*** FLOP *** [Jc Ad Qd]
*** TURN *** [Jc Ad Qd] [Js]
*** RIVER *** [Jc Ad Qd Js] [8h]
*** SHOW DOWN ***
villain16: shows [Kd 8c] (two pair, Jacks and Eights)
villain3: shows [Kh Th] (a straight, Ten to Ace)
villain3 collected 8696 from pot
villain16 finished the tournament in 6th place
*** SUMMARY ***
Total pot 8696 | Rake 0 
Board [Jc Ad Qd Js 8h]
Seat 2: villain3 (button) showed [Kh Th] and won (8696) with a straight, Ten to Ace
Seat 3: villain11 (small blind) folded before Flop
Seat 5: villain4 (big blind) folded before Flop
Seat 6: villain16 showed [Kd 8c] and lost with two pair, Jacks and Eights
Seat 7: villain17 folded before Flop (didn't bet)
Seat 8: GuiRodri2013 folded before Flop (didn't bet)



PokerStars Hand #259899173316: Tournament #3979068754, $0.90+$0.10 USD Hold'em No Limit - Level XII (500/1000) - 2026/02/28 0:45:39 BRT [2026/02/27 22:45:39 ET]
Table '3979068754 1' 8-max Seat #3 is the button
Seat 2: villain3 (20799 in chips) 
Seat 3: villain11 (3170 in chips) 
Seat 5: villain4 (3190 in chips) 
Seat 7: villain17 (9314 in chips) 
Seat 8: GuiRodri2013 (11527 in chips) 
villain3: posts the ante 125
villain11: posts the ante 125
villain4: posts the ante 125
villain17: posts the ante 125
GuiRodri2013: posts the ante 125
villain4: posts small blind 500
villain17: posts big blind 1000
*** HOLE CARDS ***
Dealt to GuiRodri2013 [8h 2d]
GuiRodri2013: folds 
villain3: folds 
villain11: folds 
villain4: calls 500
villain17: checks 
*** FLOP *** [Ts 9s 5h]
villain4: checks 
villain17: bets 1000
villain4: folds 
Uncalled bet (1000) returned to villain17
villain17 collected 2625 from pot
*** SUMMARY ***
Total pot 2625 | Rake 0 
Board [Ts 9s 5h]
Seat 2: villain3 folded before Flop (didn't bet)
Seat 3: villain11 (button) folded before Flop (didn't bet)
Seat 5: villain4 (small blind) folded on the Flop
Seat 7: villain17 (big blind) collected (2625)
Seat 8: GuiRodri2013 folded before Flop (didn't bet)



PokerStars Hand #259899178086: Tournament #3979068754, $0.90+$0.10 USD Hold'em No Limit - Level XII (500/1000) - 2026/02/28 0:46:23 BRT [2026/02/27 22:46:23 ET]
Table '3979068754 1' 8-max Seat #5 is the button
Seat 2: villain3 (20674 in chips) 
Seat 3: villain11 (3045 in chips) 
Seat 5: villain4 (2065 in chips) 
Seat 7: villain17 (10814 in chips) 
Seat 8: GuiRodri2013 (11402 in chips) 
villain3: posts the ante 125
villain11: posts the ante 125
villain4: posts the ante 125
villain17: posts the ante 125
GuiRodri2013: posts the ante 125
villain17: posts small blind 500
GuiRodri2013: posts big blind 1000
*** HOLE CARDS ***
Dealt to GuiRodri2013 [Jd 9h]
villain3: folds 
villain11: raises 1920 to 2920 and is all-in
villain4: folds 
villain17: folds 
GuiRodri2013: folds 
Uncalled bet (1920) returned to villain11
villain11 collected 3125 from pot
villain11: doesn't show hand 
*** SUMMARY ***
Total pot 3125 | Rake 0 
Seat 2: villain3 folded before Flop (didn't bet)
Seat 3: villain11 collected (3125)
Seat 5: villain4 (button) folded before Flop (didn't bet)
Seat 7: villain17 (small blind) folded before Flop
Seat 8: GuiRodri2013 (big blind) folded before Flop



PokerStars Hand #259899179862: Tournament #3979068754, $0.90+$0.10 USD Hold'em No Limit - Level XII (500/1000) - 2026/02/28 0:46:40 BRT [2026/02/27 22:46:40 ET]
Table '3979068754 1' 8-max Seat #7 is the button
Seat 2: villain3 (20549 in chips) 
Seat 3: villain11 (5045 in chips) 
Seat 5: villain4 (1940 in chips) 
Seat 7: villain17 (10189 in chips) 
Seat 8: GuiRodri2013 (10277 in chips) 
villain3: posts the ante 125
villain11: posts the ante 125
villain4: posts the ante 125
villain17: posts the ante 125
GuiRodri2013: posts the ante 125
GuiRodri2013: posts small blind 500
villain3: posts big blind 1000
*** HOLE CARDS ***
Dealt to GuiRodri2013 [8s Tc]
villain11: folds 
villain4: folds 
villain17: raises 2000 to 3000
GuiRodri2013: folds 
villain3: calls 2000
*** FLOP *** [9s Jc 7h]
villain3: checks 
villain17: bets 7064 and is all-in
villain3: calls 7064
*** TURN *** [9s Jc 7h] [9c]
*** RIVER *** [9s Jc 7h 9c] [Ac]
*** SHOW DOWN ***
villain3: shows [9h Ah] (a full house, Nines full of Aces)
villain17: shows [7s Kc] (two pair, Nines and Sevens)
villain3 collected 21253 from pot
villain17 finished the tournament in 5th place and received $2.07.
*** SUMMARY ***
Total pot 21253 | Rake 0 
Board [9s Jc 7h 9c Ac]
Seat 2: villain3 (big blind) showed [9h Ah] and won (21253) with a full house, Nines full of Aces
Seat 3: villain11 folded before Flop (didn't bet)
Seat 5: villain4 folded before Flop (didn't bet)
Seat 7: villain17 (button) showed [7s Kc] and lost with two pair, Nines and Sevens
Seat 8: GuiRodri2013 (small blind) folded before Flop



PokerStars Hand #259899182328: Tournament #3979068754, $0.90+$0.10 USD Hold'em No Limit - Level XII (500/1000) - 2026/02/28 0:47:04 BRT [2026/02/27 22:47:04 ET]
Table '3979068754 1' 8-max Seat #8 is the button
Seat 2: villain3 (31613 in chips) 
Seat 3: villain11 (4920 in chips) 
Seat 5: villain4 (1815 in chips) 
Seat 8: GuiRodri2013 (9652 in chips) 
villain3: posts the ante 125
villain11: posts the ante 125
villain4: posts the ante 125
GuiRodri2013: posts the ante 125
villain3: posts small blind 500
villain11: posts big blind 1000
*** HOLE CARDS ***
Dealt to GuiRodri2013 [4s 4d]
villain4: folds 
GuiRodri2013: raises 1000 to 2000
villain3: calls 1500
villain11: folds 
*** FLOP *** [As 8h Qh]
villain3: checks 
GuiRodri2013: checks 
*** TURN *** [As 8h Qh] [Th]
villain3: bets 1815
GuiRodri2013: folds 
Uncalled bet (1815) returned to villain3
villain3 collected 5500 from pot
villain3: doesn't show hand 
*** SUMMARY ***
Total pot 5500 | Rake 0 
Board [As 8h Qh Th]
Seat 2: villain3 (small blind) collected (5500)
Seat 3: villain11 (big blind) folded before Flop
Seat 5: villain4 folded before Flop (didn't bet)
Seat 8: GuiRodri2013 (button) folded on the Turn



PokerStars Hand #259899184839: Tournament #3979068754, $0.90+$0.10 USD Hold'em No Limit - Level XII (500/1000) - 2026/02/28 0:47:27 BRT [2026/02/27 22:47:27 ET]
Table '3979068754 1' 8-max Seat #2 is the button
Seat 2: villain3 (34988 in chips) 
Seat 3: villain11 (3795 in chips) 
Seat 5: villain4 (1690 in chips) 
Seat 8: GuiRodri2013 (7527 in chips) 
villain3: posts the ante 125
villain11: posts the ante 125
villain4: posts the ante 125
GuiRodri2013: posts the ante 125
villain11: posts small blind 500
villain4: posts big blind 1000
*** HOLE CARDS ***
Dealt to GuiRodri2013 [3d 7s]
GuiRodri2013: folds 
villain3: folds 
villain11: raises 1000 to 2000
villain4: calls 565 and is all-in
Uncalled bet (435) returned to villain11
*** FLOP *** [8h Qh 2h]
*** TURN *** [8h Qh 2h] [5c]
*** RIVER *** [8h Qh 2h 5c] [2c]
*** SHOW DOWN ***
villain11: shows [Ad 6d] (a pair of Deuces)
villain4: shows [Qs Kd] (two pair, Queens and Deuces)
villain4 collected 3630 from pot
*** SUMMARY ***
Total pot 3630 | Rake 0 
Board [8h Qh 2h 5c 2c]
Seat 2: villain3 (button) folded before Flop (didn't bet)
Seat 3: villain11 (small blind) showed [Ad 6d] and lost with a pair of Deuces
Seat 5: villain4 (big blind) showed [Qs Kd] and won (3630) with two pair, Queens and Deuces
Seat 8: GuiRodri2013 folded before Flop (didn't bet)



PokerStars Hand #259899186740: Tournament #3979068754, $0.90+$0.10 USD Hold'em No Limit - Level XII (500/1000) - 2026/02/28 0:47:45 BRT [2026/02/27 22:47:45 ET]
Table '3979068754 1' 8-max Seat #3 is the button
Seat 2: villain3 (34863 in chips) 
Seat 3: villain11 (2105 in chips) 
Seat 5: villain4 (3630 in chips) 
Seat 8: GuiRodri2013 (7402 in chips) 
villain3: posts the ante 125
villain11: posts the ante 125
villain4: posts the ante 125
GuiRodri2013: posts the ante 125
villain4: posts small blind 500
GuiRodri2013: posts big blind 1000
*** HOLE CARDS ***
Dealt to GuiRodri2013 [4h Ad]
villain3: folds 
villain11: folds 
villain4: folds 
Uncalled bet (500) returned to GuiRodri2013
GuiRodri2013 collected 1500 from pot
GuiRodri2013: doesn't show hand 
*** SUMMARY ***
Total pot 1500 | Rake 0 
Seat 2: villain3 folded before Flop (didn't bet)
Seat 3: villain11 (button) folded before Flop (didn't bet)
Seat 5: villain4 (small blind) folded before Flop
Seat 8: GuiRodri2013 (big blind) collected (1500)



PokerStars Hand #259899188543: Tournament #3979068754, $0.90+$0.10 USD Hold'em No Limit - Level XII (500/1000) - 2026/02/28 0:48:01 BRT [2026/02/27 22:48:01 ET]
Table '3979068754 1' 8-max Seat #5 is the button
Seat 2: villain3 (34738 in chips) 
Seat 3: villain11 (1980 in chips) 
Seat 5: villain4 (3005 in chips) 
Seat 8: GuiRodri2013 (8277 in chips) 
villain3: posts the ante 125
villain11: posts the ante 125
villain4: posts the ante 125
GuiRodri2013: posts the ante 125
GuiRodri2013: posts small blind 500
villain3: posts big blind 1000
*** HOLE CARDS ***
Dealt to GuiRodri2013 [Kd 8s]
villain11: raises 855 to 1855 and is all-in
villain4: calls 1855
GuiRodri2013: folds 
villain3: folds 
*** FLOP *** [2d 4c 6d]
*** TURN *** [2d 4c 6d] [2c]
*** RIVER *** [2d 4c 6d 2c] [8c]
*** SHOW DOWN ***
villain11: shows [6c Ac] (a flush, Ace high)
villain4: shows [6h Ks] (two pair, Sixes and Deuces)
villain11 collected 5710 from pot
*** SUMMARY ***
Total pot 5710 | Rake 0 
Board [2d 4c 6d 2c 8c]
Seat 2: villain3 (big blind) folded before Flop
Seat 3: villain11 showed [6c Ac] and won (5710) with a flush, Ace high
Seat 5: villain4 (button) showed [6h Ks] and lost with two pair, Sixes and Deuces
Seat 8: GuiRodri2013 (small blind) folded before Flop



PokerStars Hand #259899190718: Tournament #3979068754, $0.90+$0.10 USD Hold'em No Limit - Level XII (500/1000) - 2026/02/28 0:48:21 BRT [2026/02/27 22:48:21 ET]
Table '3979068754 1' 8-max Seat #8 is the button
Seat 2: villain3 (33613 in chips) 
Seat 3: villain11 (5710 in chips) 
Seat 5: villain4 (1025 in chips) 
Seat 8: GuiRodri2013 (7652 in chips) 
villain3: posts the ante 125
villain11: posts the ante 125
villain4: posts the ante 125
GuiRodri2013: posts the ante 125
villain3: posts small blind 500
villain11: posts big blind 1000
*** HOLE CARDS ***
Dealt to GuiRodri2013 [Qc 5c]
villain4: calls 900 and is all-in
GuiRodri2013: folds 
villain3: raises 2000 to 3000
villain11: folds 
Uncalled bet (2000) returned to villain3
*** FLOP *** [Kh 9s Jh]
*** TURN *** [Kh 9s Jh] [3d]
*** RIVER *** [Kh 9s Jh 3d] [Tc]
*** SHOW DOWN ***
villain3: shows [Kd Ts] (two pair, Kings and Tens)
villain3 collected 200 from side pot
villain4: shows [8h 8c] (a pair of Eights)
villain3 collected 3200 from main pot
villain4 finished the tournament in 4th place and received $3.17.
*** SUMMARY ***
Total pot 3400 Main pot 3200. Side pot 200. | Rake 0 
Board [Kh 9s Jh 3d Tc]
Seat 2: villain3 (small blind) showed [Kd Ts] and won (3400) with two pair, Kings and Tens
Seat 3: villain11 (big blind) folded before Flop
Seat 5: villain4 showed [8h 8c] and lost with a pair of Eights
Seat 8: GuiRodri2013 (button) folded before Flop (didn't bet)



PokerStars Hand #259899193164: Tournament #3979068754, $0.90+$0.10 USD Hold'em No Limit - Level XII (500/1000) - 2026/02/28 0:48:44 BRT [2026/02/27 22:48:44 ET]
Table '3979068754 1' 8-max Seat #2 is the button
Seat 2: villain3 (35888 in chips) 
Seat 3: villain11 (4585 in chips) 
Seat 8: GuiRodri2013 (7527 in chips) 
villain3: posts the ante 125
villain11: posts the ante 125
GuiRodri2013: posts the ante 125
villain11: posts small blind 500
GuiRodri2013: posts big blind 1000
*** HOLE CARDS ***
Dealt to GuiRodri2013 [9h 2s]
villain3: folds 
villain11: raises 3460 to 4460 and is all-in
GuiRodri2013: folds 
Uncalled bet (3460) returned to villain11
villain11 collected 2375 from pot
villain11: doesn't show hand 
*** SUMMARY ***
Total pot 2375 | Rake 0 
Seat 2: villain3 (button) folded before Flop (didn't bet)
Seat 3: villain11 (small blind) collected (2375)
Seat 8: GuiRodri2013 (big blind) folded before Flop



PokerStars Hand #259899194844: Tournament #3979068754, $0.90+$0.10 USD Hold'em No Limit - Level XII (500/1000) - 2026/02/28 0:49:00 BRT [2026/02/27 22:49:00 ET]
Table '3979068754 1' 8-max Seat #3 is the button
Seat 2: villain3 (35763 in chips) 
Seat 3: villain11 (5835 in chips) 
Seat 8: GuiRodri2013 (6402 in chips) 
villain3: posts the ante 125
villain11: posts the ante 125
GuiRodri2013: posts the ante 125
GuiRodri2013: posts small blind 500
villain3: posts big blind 1000
*** HOLE CARDS ***
Dealt to GuiRodri2013 [5s 2d]
villain11: raises 4710 to 5710 and is all-in
GuiRodri2013: folds 
villain3: calls 4710
*** FLOP *** [9c 2s Qs]
*** TURN *** [9c 2s Qs] [Qh]
*** RIVER *** [9c 2s Qs Qh] [Jh]
*** SHOW DOWN ***
villain3: shows [Ac 9h] (two pair, Queens and Nines)
villain11: shows [Kc As] (a pair of Queens)
villain3 collected 12295 from pot
villain11 finished the tournament in 3rd place and received $4.84.
*** SUMMARY ***
Total pot 12295 | Rake 0 
Board [9c 2s Qs Qh Jh]
Seat 2: villain3 (big blind) showed [Ac 9h] and won (12295) with two pair, Queens and Nines
Seat 3: villain11 (button) showed [Kc As] and lost with a pair of Queens
Seat 8: GuiRodri2013 (small blind) folded before Flop



PokerStars Hand #259899196981: Tournament #3979068754, $0.90+$0.10 USD Hold'em No Limit - Level XII (500/1000) - 2026/02/28 0:49:21 BRT [2026/02/27 22:49:21 ET]
Table '3979068754 1' 8-max Seat #2 is the button
Seat 2: villain3 (42223 in chips) 
Seat 8: GuiRodri2013 (5777 in chips) 
villain3: posts the ante 125
GuiRodri2013: posts the ante 125
villain3: posts small blind 500
GuiRodri2013: posts big blind 1000
*** HOLE CARDS ***
Dealt to GuiRodri2013 [7h 5s]
villain3: raises 1000 to 2000
GuiRodri2013: folds 
Uncalled bet (1000) returned to villain3
villain3 collected 2250 from pot
villain3: doesn't show hand 
*** SUMMARY ***
Total pot 2250 | Rake 0 
Seat 2: villain3 (button) (small blind) collected (2250)
Seat 8: GuiRodri2013 (big blind) folded before Flop



PokerStars Hand #259899197822: Tournament #3979068754, $0.90+$0.10 USD Hold'em No Limit - Level XII (500/1000) - 2026/02/28 0:49:29 BRT [2026/02/27 22:49:29 ET]
Table '3979068754 1' 8-max Seat #8 is the button
Seat 2: villain3 (43348 in chips) 
Seat 8: GuiRodri2013 (4652 in chips) 
villain3: posts the ante 125
GuiRodri2013: posts the ante 125
GuiRodri2013: posts small blind 500
villain3: posts big blind 1000
*** HOLE CARDS ***
Dealt to GuiRodri2013 [8c Tc]
GuiRodri2013: raises 3527 to 4527 and is all-in
villain3: folds 
Uncalled bet (3527) returned to GuiRodri2013
GuiRodri2013 collected 2250 from pot
GuiRodri2013: doesn't show hand 
*** SUMMARY ***
Total pot 2250 | Rake 0 
Seat 2: villain3 (big blind) folded before Flop
Seat 8: GuiRodri2013 (button) (small blind) collected (2250)



PokerStars Hand #259899198613: Tournament #3979068754, $0.90+$0.10 USD Hold'em No Limit - Level XII (500/1000) - 2026/02/28 0:49:37 BRT [2026/02/27 22:49:37 ET]
Table '3979068754 1' 8-max Seat #2 is the button
Seat 2: villain3 (42223 in chips) 
Seat 8: GuiRodri2013 (5777 in chips) 
villain3: posts the ante 125
GuiRodri2013: posts the ante 125
villain3: posts small blind 500
GuiRodri2013: posts big blind 1000
*** HOLE CARDS ***
Dealt to GuiRodri2013 [Tc 6d]
villain3: raises 1000 to 2000
GuiRodri2013: calls 1000
*** FLOP *** [Ah Jh 6c]
GuiRodri2013: bets 3652 and is all-in
villain3: calls 3652
*** TURN *** [Ah Jh 6c] [Js]
*** RIVER *** [Ah Jh 6c Js] [5h]
*** SHOW DOWN ***
GuiRodri2013: shows [Tc 6d] (two pair, Jacks and Sixes)
villain3: shows [Jd 4d] (three of a kind, Jacks)
villain3 collected 11554 from pot
GuiRodri2013 finished the tournament in 2nd place and received $7.40.
villain3 wins the tournament and receives $11.32 - congratulations!
*** SUMMARY ***
Total pot 11554 | Rake 0 
Board [Ah Jh 6c Js 5h]
Seat 2: villain3 (button) (small blind) showed [Jd 4d] and won (11554) with three of a kind, Jacks
Seat 8: GuiRodri2013 (big blind) showed [Tc 6d] and lost with two pair, Jacks and Sixes



